=LDR  03446cas a2200889 i 4500
=001  020174535
=003  Uk
=005  20230511163140.0
=006  m\\\\\o\\d\\\\\\\\
=007  cr\|||||||||||
=008  160714c20179999vau\x\poo\\\\\0\\\a0eng\\
=FMT  \\$a  SE
=010  \\$a  2016202994
=016  7\$a101705370$2DNLM
=022  0\$a2473-4284$21
=035  \\$a(OCoLC)953573973$z(OCoLC)1148607019$z(OCoLC)1151524585
=037  \\$aISSN_24734284_74$bPortico$nLippincott Williams & Wilkins
=040  \\$aDLC$beng$cDLC$dOCLCO$dDLC$dNLM$dOCLCO$dOCLCA$dUk$erda
=042  \\$aukblsr
=050  10$aISSN RECORD
=060  00$aW1
=082  10$a616.994$223
=210  0\$aJCO precis. oncol.
=210  10$aJCO Precis Oncol$2dnlm
=222  \0$aJCO precision oncology
=245  00$aJCO precision oncology.
=246  1\$aJCO PO
=246  1\$aJournal of clinical oncology, precision oncology
=264  \1$aAlexandria, VA :$bAmerican Society of Clinical Oncology,$c[2017-]
=336  \\$atext$btxt$2rdacontent
=337  \\$acomputer$bc$2rdamedia
=338  \\$aonline resource$bcr$2rdacarrier
=362  1\$aBegan with February 22, 2017.
=540  \\$aCurrent copyright fee: GBP39.00$c20\0$5Uk
=515  \\$aArticles published as received and cumulated in annual issue.
=515  \\$aChronological designation from contents page.
=588  \\$aDescription based on: February 22, 2017; title from PDF running title (publisher's Website, viewed Sept. 1, 2017).
=588  \\$aLatest issue consulted: volume 6 (2022) (American Society of Clinical Oncology website, viewed November 22, 2022).
=650  12$aPrecision Medicine.
=650  22$aNeoplasms.
=650  22$aPharmacogenetics.
=650  22$aMolecular Targeted Therapy.
=650  \7$aPersonalized medicine.$2fast$0(OCoLC)fst01910010
=650  \7$aOncology.$2fast$0(OCoLC)fst01045739
=650  \7$aPharmacogenomics.$2fast$0(OCoLC)fst01060245
=655  \2$aPeriodical.
=655  \7$aPeriodicals.$2fast$0(OCoLC)fst01411641
=710  2\$aAmerican Society of Clinical Oncology,$epublisher.
=859  \\$aELD$bejournal
=856  \\$31850-9999$uhttp://journals.lww.com/pages/default.aspx$xBLDSS
=856  40$ahttps://ascopubs.org/loi/po
=856  40$uhttp://po.jco.org
=852  41$aBritish Library$bHMNTS$jELD Digital store$3Volume 1(2017)-
=945  \\$aJCO Precision Oncology
=979  \\$aBritish Library$bDSC$j4663.443140N
=CAT  \\$a12654$b40$c20210428$lBLL01$h0857
=CAT  \\$aBATCH-UNOA$c20210504$lBLL01$h2105
=CAT  \\$aBLDSS-3PM$b00$c20210505$lBLL01$h1510
=CAT  \\$aBATCH-UPD$b00$c20210505$lBLL01$h1512
=CAT  \\$a5410$b40$c20210511$lBLL01$h1354
=CAT  \\$a10902$b40$c20220324$lBLL01$h0847
=CAT  \\$a10983$b40$c20220913$lBLL01$h0831
=CAT  \\$a8124$b40$c20221122$lBLL01$h1509
=CAT  \\$a8124$b40$c20221122$lBLL01$h1511
=CAT  \\$a8124$b40$c20221122$lBLL01$h1514
=CAT  \\$a12654$b40$c20230209$lBLL01$h0725
=CAT  \\$aBATCH-FIX$c20230511$lBLL01$h1631
=CFI  0\$aCurrent copyright fee: GBP39.00$c20\0$e09-feb-2023$fGBP39.00$g0$hP$5Uk
=CFI  2\$aPrevious Copyright fee: GBP32.00$c20\0$e28-apr-2021$fGBP32.00$g0$hP$5Uk
=EST  \\$a1
=FFP  \\$aY$bBLDSS-3PM
=FIN  \\$aY$d20221122
=SID  \\$aZ39$bOCLC
=TOC  \\$aETOC
=UNO  \\$aY
=ACF  \\$aPrevious copyright fee: GBP32.00$c20\0$e28-apr-2021$fGBP32.00$g0$hP$5Uk
=LAS  \\$aBATCH-FIX$b00$c20230511$lBLL01$h1631

