=LDR  05101cas a2201129 a 4500
=001  015264787
=003  Uk
=005  20211231154452.0
=006  m\\\\\o\\d\\\\\\\\
=007  cr\|||||||||||
=008  091021c20099999ne\br\poo\\\\\0\\\a0eng\\
=FMT  \\$a  SE
=015  \\$aGBB543484$2bnb
=022  0\$a2212-4748$y0267-3649
=035  \\$a(OCoLC)457912165
=037  \\$aISSN_02673649$bPortico$nElsevier
=040  \\$aNUI$beng$cNUI$dCUD$dVPI$dOCLCQ$dOCLCF$dOCLCO$dTXA$dUk
=042  \\$aukblsr
=082  04$a343.0999$223
=130  0\$aComputer law & security review (Online)
=222  \0$aComputer law & security review$b(Online)
=245  10$aComputer law & security review$h[electronic resource] :$bthe international journal of technology law and practice.
=246  3\$aComputer law and security review
=246  13$aCLSR
=260  \\$aAmsterdam ;$aLondon :$bElsevier,$c2009-
=310  \\$aBimonthly
=336  \\$atext$2rdacontent
=337  \\$acomputer$2rdamedia
=338  \\$aonline resource$2rdacarrier
=362  1\$aPrint began with: Vol. 25, issue 1 (2009).
=500  \\$aEditor: Steve Saxby.
=580  \\$aIncludes issues of earlier title: Computer law and security report.
=588  \\$aDescription based on: Vol. 25, issue 1 (2009); title from PDF header (Elsevier, viewed Jan. 12, 2015).
=588  \\$aLatest issue consulted: volume 31, issue 2 (April 2015) (ScienceDirect, viewed April 8, 2015).
=595  \\$aFor DSC ESTAR stock see record number 012432531.
=540  \\$aCurrent copyright fee: GBP34.30$c5\1$5Uk
=650  \0$aComputers$xLaw and legislation$vPeriodicals.
=650  \0$aComputer security$xLaw and legislation$vPeriodicals.
=650  \0$aElectronic commerce$xLaw and legislation$vPeriodicals.
=650  \0$aData protection$xLaw and legislation$vPeriodicals.
=650  \7$aComputer security$xLaw and legislation.$2fast$0(OCoLC)fst00872492
=650  \7$aComputers$xLaw and legislation.$2fast$0(OCoLC)fst00872821
=650  \7$aData protection$xLaw and legislation.$2fast$0(OCoLC)fst00887963
=650  \7$aElectronic commerce$xLaw and legislation.$2fast$0(OCoLC)fst00906915
=655  \7$aPeriodicals.$2fast$0(OCoLC)fst01411641
=700  1\$aSaxby, Stephen.
=776  08$iAlso issued in print as:$tComputer law & security review$x2212-473X
=780  00$tComputer law and security report (Online)$x1873-6734
=856  \\$31850-9999$uhttp://www.elsevier.com/journals$xBLDSS
=856  40$ahttp://www.sciencedirect.com/science/journal/02673649
=859  \\$aELD$bejournal
=852  41$aBritish Library$bHMNTS$jELD Digital store$3Volume 31:Issue 1(2015)-***Previous issues available in print copy
=945  \\$aComputer law and security review
=979  \\$aBritish Library$bDSC$j3394.074950
=CAT  \\$a8180$b40$c20090526$lBLL01$h1024
=CAT  \\$a8180$b40$c20090526$lBLL01$h1030
=CAT  \\$a8180$b40$c20110104$lBLL01$h1431
=CAT  \\$a10932$b40$c20110104$lBLL01$h1706
=CAT  \\$a8180$b40$c20110105$lBLL01$h1111
=CAT  \\$aBATCH-UPD$b40$c20110823$lBLL01$h1521
=CAT  \\$aWR11_155$c20111021$lBLL01$h1326
=CAT  \\$aWR11_155$c20111114$lBLL01$h1646
=CAT  \\$aBATCH-UPD$b00$c20111123$lBLL01$h1854
=CAT  \\$aIPL-CLA$c20111230$lBLL01$h2033
=CAT  \\$aBATCH-UPD$b00$c20121121$lBLL01$h1659
=CAT  \\$aIPL-CLA$c20121231$lBLL01$h1327
=CAT  \\$aIPL-CLA$c20130102$lBLL01$h1759
=CAT  \\$aBLDSS-3PM$b00$c20141222$lBLL01$h1719
=CAT  \\$a11205$b40$c20150408$lBLL01$h1428
=CAT  \\$a11205$b40$c20150408$lBLL01$h1432
=CAT  \\$a8411$b40$c20150413$lBLL01$h1454
=CAT  \\$aBATCH-UPD$b40$c20160607$lBLL01$h2135
=CAT  \\$a5552$b40$c20170125$lBLL01$h0916
=CAT  \\$aBATCH-UPD$b40$c20171121$lBLL01$h1751
=CAT  \\$aW1711-1005$c20171206$lBLL01$h1821
=CAT  \\$aIPL-CLA$c20171231$lBLL01$h1753
=CAT  \\$aBATCH-UPD$b00$c20190521$lBLL01$h1443
=CAT  \\$aIPL-CLA$c20190630$lBLL01$h1542
=CAT  \\$aBATCH-UPD$b00$c20211119$lBLL01$h1559
=CAT  \\$aIPL-CLA$c20211231$lBLL01$h1544
=CFI  0\$aCurrent copyright fee: GBP34.30$c5\1$e01-jan-2022$fGBP34.30$g0$hP$5Uk
=CFI  2\$aPrevious copyright fee: GBP32.84$c5\1$e01-jul-2019$fGBP32.84$g0$hP$5Uk
=EST  \\$a1
=FFP  \\$aY$bBLDSS-3PM
=FIN  \\$aY$d20150408
=LET  \0$aComputer law & security review (Electronic)
=LKR  \\$aPAR$b015121334$lBLL01$nComputer law & security review (Print)$mComputer law & security review (Online)$r776
=LKR  \\$aPAR$b012432531$lBLL01$nComputer law and security report (Online)$mComputer law & security review (Online)$r78000
=MNI  \\$a2212-473X
=SID  \\$aZ39$bOCLC
=TCO  \\$aXXX$c008
=TOC  \\$aETOC
=ACF  \\$aPrevious copyright fee: GBP20.00$c5\1$e26-may-2009$fGBP20.00$g0$hP$5Uk
=ACF  \\$aPrevious copyright fee: GBP21.00$c5\1$e01-jan-2012$fGBP21.00$g0$hP$5Uk
=ACF  \\$aPrevious copyright fee: GBP22.50$c5\1$e01-jan-2013$fGBP22.50$g0$hP$5Uk
=ACF  \\$aPrevious copyright fee: GBP23.40$c5\1$e01-jan-2018$fGBP23.40$g0$hP$5Uk
=LAS  \\$aIPL-CLA$b00$c20211231$lBLL01$h1544

