=LDR  03028cas a2200757 i 4500
=001  020168866
=003  Uk
=005  20211022131119.0
=006  m\\\\\o\\d\\\\\\\\
=007  cr\|||||||||||
=008  200407c20209999pauzr\p\o\\\\\|\\\a0eng\\
=FMT  \\$a  SE
=010  \\$a  2020200126
=022  \\$a2691-3593
=035  \\$a(OCoLC)1149141884$z(OCoLC)1246783635$z(OCoLC)1246783695
=037  \\$aISSN_26913593_74$bPortico$nLippincott Williams & Wilkins
=040  \\$aDLC$beng$cDLC$dDLC$dOCLCO$dS2H$dOCLCF$dUk$erda
=042  \\$aukblsr
=050  10$aISSN RECORD
=082  10$a616$223
=210  0\$aAnn. surg. open
=222  \0$aAnnals of surgery open
=245  00$aAnnals of surgery open :$bperspectives on surgical history, education, and clinical approaches.
=264  \1$aPhiladelphia, PA :$bWolters Kluwer,$c2020-
=310  \\$aContinuously updated
=336  \\$atext$2rdacontent
=337  \\$acomputer$2rdamedia
=338  \\$aonline resource$2rdacarrier
=362  1\$aBegan with: volume 1, issue 1 (September 2020).
=540  \\$aCurrent copyright fee: zero$c20\0$5Uk
=520  2\$aInternational journal focusing on the field of surgery. Annals of Surgery Open publishes research on all areas of surgery, including historical and educational perspectives.
=588  0\$aVolume 1, issue 1 (September 2020); title from table of contents page (Wolters Kluwer website, viewed Jan. 28, 2021).
=588  1\$aVolume 1, issue 2 (December 2020) (viewed Jan. 28, 2021).
=650  \0$aSurgery$vPeriodicals.
=650  \0$aSurgery$xHistory$vPeriodicals.
=650  12$aGeneral Surgery.
=650  \7$aSurgery.$2fast$0(OCoLC)fst01139351
=655  \7$aHistory.$2fast$0(OCoLC)fst01411628
=655  \7$aPeriodicals.$2fast$0(OCoLC)fst01411641
=710  2\$aWolters Kluwer (Firm),$epublisher.
=856  \\$31850-9999$uhttp://journals.lww.com/pages/default.aspx$xBLDSS
=859  \\$aELD$bejournal
=856  40$uhttps://journals.lww.com/aosopen/toc/2020/09000$zrequires registration
=852  41$aBritish Library$bHMNTS$jELD Digital store$3Volume 1:Issue 1(2020)-
=945  \\$aAnnals of Surgery open
=979  \\$aBritish Library$bDSC$j1044.500100N
=CAT  \\$a12654$b40$c20210423$lBLL01$h0807
=CAT  \\$a12654$b40$c20210423$lBLL01$h0810
=CAT  \\$a12654$b40$c20210423$lBLL01$h0813
=CAT  \\$aBLDSS-3PM$b00$c20210426$lBLL01$h1240
=CAT  \\$aBATCH-UPD$b00$c20210426$lBLL01$h1252
=CAT  \\$aBATCH-UNOA$c20210427$lBLL01$h2106
=CAT  \\$a5410$b40$c20210504$lBLL01$h1309
=CAT  \\$a5410$b40$c20210512$lBLL01$h1005
=CAT  \\$a15005$b40$c20210521$lBLL01$h1355
=CAT  \\$a14586$b40$c20211021$lBLL01$h1808
=CAT  \\$a10806$b40$c20211022$lBLL01$h1308
=CAT  \\$a10806$b40$c20211022$lBLL01$h1311
=CFI  0\$aCurrent copyright fee: zero$c20\0$e23-apr-2021$fGBP0.00$g0$hP$5Uk
=EST  \\$a1
=FFP  \\$aY$bBLDSS-3PM
=FIN  \\$aY$d20211022
=SID  \\$aZ39$bOCLC
=TOC  \\$aETOC
=UNO  \\$aY
=LAS  \\$a10806$b40$c20211022$lBLL01$h1311

