=LDR  02942cas a2200733 i 4500
=001  020168876
=003  Uk
=005  20230517103331.0
=006  m\\\\\o\\d\\\\\\\\
=007  cr\|||||||||||
=008  200407c20219999pauqr\p\o\\\\\0\\\a0eng\\
=FMT  \\$a  SE
=010  \\$a  2020200127
=022  0\$a2691-3623
=035  \\$a(OCoLC)1149142216
=037  \\$aISSN_26913623_74$bPortico$nLippincott Williams & Wilkins
=040  \\$aDLC$beng$cDLC$dDLC$dOCLCO$dOCLCF$dOCLCQ$dCASUM$dUkl$erda
=042  \\$aukblsr
=050  00$aRC270.8
=060  00$aW1
=082  00$a616.99406$223
=210  0\$aCancer care res. online
=222  \0$aCancer care research online
=245  00$aCancer care research online.
=246  1\$aCancer care research
=264  \1$aPhiladelphia, PA :$bWolters Kluwer Health Inc,$c2021-
=310  \\$aQuarterly
=336  \\$atext$btxt$2rdacontent
=337  \\$acomputer$bc$2rdamedia
=338  \\$aonline resource$bcr$2rdacarrier
=362  1\$aBegan with Volume 1, Issue 1 (January 2021).
=540  \\$aCurrent copyright fee: GBP32.00$c20\0$5Uk
=520  \\$a"CANCER CARE RESEARCH Online will feature the original work of cancer nursing and multidisciplinary cancer care researchers in the global community to advance the findings of evidence-based research on multiple aspects of cancer care delivery practices worldwide."
=588  0\$aVolume 1, Issue 1 (January 2021); title from journal home page (publisher's Web site viewed Feb. 5, 2021).
=588  \\$aLatest issue consulted: volume 2, issue 4 (October 2022) (viewed November 15, 2022).
=650  \0$aCancer$xTreatment$xResearch$vPeriodicals.
=650  12$aNeoplasms$xtherapy.
=650  22$aOncology Nursing.
=650  \7$aCancer$xTreatment$xResearch.$2fast$0(OCoLC)fst00845553
=655  \7$aPeriodicals.$2fast$0(OCoLC)fst01411641
=859  \\$aELD$bejournal
=856  \\$31850-9999$uhttp://journals.lww.com/pages/default.aspx$xBLDSS
=856  40$uhttps://journals.lww.com/cancercareresearchonline/pages/default.aspx$xOA-J
=852  41$aBritish Library$bHMNTS$jELD Digital store
=945  \\$aCancer Care Research online
=979  \\$aBritish Library$bDSC$j3046.464145N
=CAT  \\$a12654$b40$c20210423$lBLL01$h0841
=CAT  \\$aBLDSS-3PM$b00$c20210426$lBLL01$h1240
=CAT  \\$aBATCH-UPD$b00$c20210426$lBLL01$h1252
=CAT  \\$aBATCH-UNOA$c20210427$lBLL01$h2106
=CAT  \\$a5410$b40$c20210512$lBLL01$h1008
=CAT  \\$a5410$b40$c20210512$lBLL01$h1057
=CAT  \\$a14412$b40$c20220324$lBLL01$h0835
=CAT  \\$a8124$b40$c20221115$lBLL01$h1403
=CAT  \\$a14586$b40$c20230125$lBLL01$h1644
=CAT  \\$a12654$b40$c20230517$lBLL01$h1033
=CFI  0\$aCurrent copyright fee: GBP32.00$c20\0$e23-apr-2021$fGBP32.00$g0$hP$5Uk
=EST  \\$a1
=FFP  \\$aY$bBLDSS-3PM
=FIN  \\$aY$d20221115
=SID  \\$aZ39$bOCLC
=TOC  \\$aETOC
=UNO  \\$aY
=LAS  \\$a12654$b40$c20230517$lBLL01$h1033

