=LDR  03186cas a2200817 i 4500
=001  020171236
=003  Uk
=005  20230201143856.0
=006  m\\\\\o\\d\\\\\\\\
=007  cr\|||||||||||
=008  200908c20219999cc\qr\p\o\\\\\|\\\a0eng\\
=FMT  \\$a  SE
=010  \\$a  2020203058
=022  \\$a2693-8839$222
=035  \\$a(OCoLC)1193561742
=037  \\$aISSN_26938839_74$bPortico$nLippincott Williams & Wilkins
=040  \\$aDLC$beng$cDLC$dDLC$dOCLCO$dDLC$dOCLCO$dOCLCF$dDLC$dUk$erda$epn
=042  \\$aukblsr
=050  00$aRC109
=082  10$a616.9$223
=210  0\$aInfect. dis. immun.$b(Online)
=222  \0$aInfectious diseases & immunity$b(Online)
=245  00$aInfectious diseases & immunity.
=246  1\$aInfectious diseases and immunity
=246  1\$aIDI
=264  \1$aBeijing, China :$bChinese Medical Association Publishing House Co., Ltd. ; Wolters Kluwer Health, Inc.,$c2021-
=310  \\$aQuarterly
=336  \\$atext$btxt$2rdacontent
=337  \\$acomputer$bc$2rdamedia
=338  \\$aonline resource$bcr$2rdacarrier
=362  1\$aBegan with: Volume 1, Issue 1 (April 2021).
=540  \\$aCurrent copyright fee: zero$c20\0$5Uk
=588  0\$aVolume 1, Issue 1 (April 2021) ; title from caption (journals.lww.com ; viewed May 21, 2021).
=588  1\$aVolume 2, Issue 4 (October 2022) (viewed November 16, 2022).
=550  \\$aSupervised by: Chinese Association for Science and Technology ; sponsored by: Chinese Medical Association.
=650  \0$aInfection$vPeriodicals.
=650  \0$aImmunity$vPeriodicals.
=650  \0$aCommunicable diseases$vPeriodicals.
=650  \7$aCommunicable diseases.$2fast$0(OCoLC)fst00869883
=650  \7$aImmunity.$2fast$0(OCoLC)fst00967888
=650  \7$aInfection.$2fast$0(OCoLC)fst00972325
=655  \7$aPeriodicals.$2fast$0(OCoLC)fst01411641
=710  2\$aZhongguo ke xue ji shu xie hui.
=710  2\$aZhonghua yi xue hui (China : 1949- )
=710  2\$aWolters Kluwer Health,$epublisher.
=776  1\$tInfectious diseases & immunity (Print)$x2096-9511
=859  \\$aELD$bejournal
=856  \\$31850-9999$uhttp://journals.lww.com/pages/default.aspx$xBLDSS
=856  40$uhttps://journals.lww.com/IDI/pages/default.aspx$xOA-J
=852  41$aBritish Library$bHMNTS$jELD Digital store$3Volume 1:Issue 2(2021)-
=945  \\$aInfectious diseases & immunity
=979  \\$aBritish Library$bDSC$j4478.727600N
=CAT  \\$a12654$b40$c20210427$lBLL01$h1230
=CAT  \\$a12654$b40$c20210427$lBLL01$h1246
=CAT  \\$aBATCH-UNOA$c20210427$lBLL01$h2106
=CAT  \\$aBLDSS-3PM$b00$c20210505$lBLL01$h1510
=CAT  \\$aBATCH-UPD$b00$c20210505$lBLL01$h1512
=CAT  \\$a5410$b40$c20210511$lBLL01$h1338
=CAT  \\$a14412$b40$c20220324$lBLL01$h1214
=CAT  \\$a8124$b40$c20221116$lBLL01$h1204
=CAT  \\$a8124$b40$c20221116$lBLL01$h1207
=CAT  \\$a14586$b40$c20230201$lBLL01$h1438
=CFI  0\$aCurrent copyright fee: zero$c20\0$e27-apr-2021$fGBP0.00$g0$hP$5Uk
=EST  \\$a1
=FFP  \\$aY$bBLDSS-3PM
=FIN  \\$aY$d20221116
=MNI  \\$a2096-9511
=SID  \\$aZ39$bOCLC
=TOC  \\$aETOC
=UNO  \\$aY
=LAS  \\$a14586$b40$c20230201$lBLL01$h1438

