=LDR  02337cas a22006617i 4500
=001  020524649
=003  Uk
=005  20230426111133.0
=006  m\\\\\\\\d\\\\\\\\
=007  cr\|||||||||||
=008  220321c20229999enkar\p\s\\\\\0\\\a0eng\\
=FMT  \\$a  SE
=022  0\$a2752-5074$202
=037  \\$aISSN_27525074_4$bPortico$nOxford University Press
=040  \\$aUk$beng$cUk$erda
=042  \\$aissnuk
=082  04$a330$223
=210  0\$aOxf. open econ.
=222  \0$aOxford open economics
=245  00$aOxford open economics.
=264  \1$a[Oxford] :$bOxford University Press
=310  \\$aAnnual
=336  \\$atext$2rdacontent
=337  \\$acomputer$2rdamedia
=338  \\$aonline resource$2rdacarrier
=515  \\$aArticles added throughout the year and compiled into annual volumes.
=538  \\$aMode of access: World Wide Web.
=540  \\$aCurrent copyright fee: zero$c5\1$5Uk
=588  \\$aDescription based on: volume 1 (2022); title from cover image (viewed May 24, 2022).
=690  7\$aManagement and Business Studies$2blcoll
=859  \\$aELD$bejournal
=856  40$uhttps://academic.oup.com/ooec$xOA-J
=856  4\$31850-9999$uhttp://www.oxfordjournals.org/$xBLDSS
=852  41$aBritish Library$bHMNTS$jELD Digital store$3Volume 1(2022)-
=945  \\$aOxford open economics
=979  \\$aBritish Library$bDSC$j6321.007880N
=985  \\$aISSN UK Centre note: ROAD OA
=CAT  \\$a12654$b40$c20220321$lBLL01$h1247
=CAT  \\$aBATCH-UNOA$c20220323$lBLL01$h0102
=CAT  \\$aBLDSS-3PM$b00$c20220328$lBLL01$h0941
=CAT  \\$aBATCH-UPD$b00$c20220328$lBLL01$h0943
=CAT  \\$a8055$b40$c20220405$lBLL01$h1017
=CAT  \\$a8055$b40$c20220405$lBLL01$h1026
=CAT  \\$a5410$b40$c20220405$lBLL01$h1439
=CAT  \\$a5410$b40$c20220405$lBLL01$h1442
=CAT  \\$a10806$b40$c20220524$lBLL01$h0958
=CAT  \\$a10806$b40$c20220524$lBLL01$h1000
=CAT  \\$a15020$b40$c20220929$lBLL01$h1143
=CAT  \\$a10983$b40$c20221006$lBLL01$h1330
=CAT  \\$aBATCH-MBS$c20221007$lBLL01$h2159
=CAT  \\$aBATCH-SUPP$c20230426$lBLL01$h1111
=CFI  0\$aCurrent copyright fee: zero$c29\0$e21-mar-2022$fGBP0.00$g0$hP$5Uk
=EST  \\$a1
=FFP  \\$aY$bBLDSS-3PM
=FIN  \\$aY$d20220524
=TOC  \\$aETOC
=UNO  \\$aY
=LAS  \\$aBATCH-SUPP$b00$c20230426$lBLL01$h1111

