=LDR  03485cas a2200781 i 4500
=001  020532226
=003  Uk
=005  20230113161358.0
=006  m\\\\\\\\d\\\\\\\\
=007  cr\|||||||||||
=008  220329c20229999enkqr\p\o\\\\\0\\\a0eng\\
=FMT  \\$a  SE
=010  \\$a  2021201525
=015  \\$aGBC305474$2bnb
=022  \\$a2768-6566
=035  \\$a(OCoLC)1256595932
=037  \\$aISSN_27686566_2$bPortico$nWiley
=040  \\$aDLC$beng$cDLC$dOCLCO$dDLC$dOCLCO$dDLC$dUk$erda
=042  \\$aukblsr
=082  00$a616.5$223
=210  0\$aJEADV clin. pract.
=222  \0$aJEADV clinical practice
=245  00$aJEADV clinical practice$bopen access journal of the European Academy of Dermatology and Venereology
=246  3\$aJournal of European Academy of Dermatology and Venereology.$pClinical practice
=246  13$aJEACP
=264  \1$a[Chichester] :$bJohn Wiley and Sons Ltd,$c2022-
=310  \\$aQuarterly
=336  \\$atext$2rdacontent
=337  \\$acomputer$2rdamedia
=338  \\$aonline resource$2rdacarrier
=362  1\$aBegan with: volume 1, issue 1 (March 2022).
=538  \\$aMode of access: World Wide Web.
=538  \\$aSystem requirements: IBM compatible PC; processor or later; MB RAM; Windows or later; MB of free hard disk space.
=580  \\$aCompanion pubilcation to: Journal of the European Academy of Dermatology and Venereology.
=520  \\$aThe aim of the JEACP is to cater the ever-growing need of the dermatology and venereology community for open access to scientific publications as well as for more clinically-oriented content worldwide. The JEACP is a patient-centred journal - in the heart of our mission is the improvement of quality of care for people living with skin and/or venereal diseases.
=588  0\$aVolume 1, issue 1 (March 2022); title from table of contents page (Wiley Online Library website, viewed March 15, 2022).
=588  \\$aLatest issue consulted: volume 1, issue 4 (December 2022) (viewed January 13, 2023).
=540  \\$aCurrent copyright fee: zero$c35\0$5Uk
=650  \0$aDermatology$vPeriodicals.
=650  \0$aSkin$xDiseases$vPeriodicals.
=650  \0$aSexually transmitted diseases$vPeriodicals.
=710  2\$aEuropean Academy of Dermatology and Venereology,$eissuing body.
=787  1\$tJournal of the European Academy of Dermatology and Venereology (Online)$x1468-3083
=856  40$uhttps://onlinelibrary.wiley.com/journal/27686566$xOA-J
=856  \\$31850-9999$uhttp://onlinelibrary.wiley.com/$xBLDSS
=859  \\$aELD$bejournal
=852  41$aBritish Library$bHMNTS$jELD Digital store$3Volume 1:Issue 1(2022)-
=945  \\$aJEADV Clinical Practice
=979  \\$aBritish Library$bDSC$j4663.465190N
=985  \\$aWFH record.
=CAT  \\$a12654$b40$c20220329$lBLL01$h0923
=CAT  \\$aBATCH-UNOA$c20220330$lBLL01$h0049
=CAT  \\$aBLDSS-3PM$b00$c20220405$lBLL01$h0847
=CAT  \\$aBATCH-UPD$b00$c20220405$lBLL01$h0848
=CAT  \\$a15190$b40$c20220406$lBLL01$h1213
=CAT  \\$a12654$b40$c20220413$lBLL01$h0828
=CAT  \\$a5410$b40$c20220413$lBLL01$h1108
=CAT  \\$a5410$b40$c20220413$lBLL01$h1109
=CAT  \\$a8055$b40$c20220921$lBLL01$h1411
=CAT  \\$a8323$b40$c20230113$lBLL01$h1613
=CFI  0\$aCurrent copyright fee: zero$c35\0$e29-mar-2022$fGBP0.00$g0$hP$5Uk
=EST  \\$a1
=FFP  \\$aY$bBLDSS-3PM
=FIN  \\$aY$d20230113
=SRC  \\$aBLL02
=TOC  \\$aETOC
=UNO  \\$aY
=LAS  \\$a8323$b40$c20230113$lBLL01$h1613

