=LDR  02564cas a2200673 i 4500
=001  020775965
=003  Uk
=005  20230921112045.0
=006  m\\\\\\\\d\\\\\\\\
=007  cr||||||||||||
=008  221012c20239999enk\x\j\o\\\\\0\\\a0eng\\
=FMT  \\$a  SE
=015  \\$aGBC3H9636$2bnb
=022  0\$a2731-9121$202
=037  \\$a???$bSpringer
=040  \\$aUk$beng$cUk$erda
=042  \\$aissnuk$aukblsr
=082  04$a150$223
=210  0\$aCommun. psychol.
=222  \0$aCommunications psychology
=245  00$aCommunications psychology.
=264  \1$aLondon :$bNature Portfolio
=336  \\$atext$2rdacontent
=337  \\$acomputer$2rdamedia
=338  \\$aonline resource$2rdacarrier
=362  0\$a1:1 (2023)-
=500  \\$aTitle from article PDF (Nature.com, viewed August 21, 2023).
=588  \\$aLatest issue consulted: 1:3 (2023); Nature.com, viewed September 21, 2023.
=538  \\$aMode of access: World Wide Web.
=540  \\$aCurrent copyright fee: zero$c16\0$5Uk
=650  \7$aPsychology.$2fast$0(OCoLC)fst01081447
=650  \7$aPsychology$xResearch.$2fast$0(OCoLC)fst01081506
=650  \7$aCommunication$xPsychological aspects.$2fast$0(OCoLC)fst00869986
=655  \7$aPeriodicals.$2fast$0(OCoLC)fst01411641
=856  40$31850-9999$uhttp://www.nature.com/$xBLDSS
=856  40$uhttps://www.nature.com/commspsychol/$xOA-J
=859  \\$aELD$bejournal
=852  41$aBritish Library$bHMNTS$jELD Digital store
=945  \\$aCommunications psychology
=979  \\$aBritish Library$bDSC$j3362.775000N
=985  \\$aISSN UK Centre: ROAD-OA.
=985  \\$aISSN UK Centre note: foot of homepage shows 'Nature Portfolio' and journal information pages refer to this as 'Nature Research' journal. Copyright and publisher note on PDFs=Springer Nature. Completed as Nature Portfolio title.
=CAT  \\$a12654$b40$c20221013$lBLL01$h1032
=CAT  \\$a12654$b40$c20221013$lBLL01$h1033
=CAT  \\$aBLDSS-3PM$b00$c20221018$lBLL01$h1453
=CAT  \\$aBATCH-UPD$b00$c20221018$lBLL01$h1454
=CAT  \\$aBATCH-UNOA$c20221019$lBLL01$h0107
=CAT  \\$a15190$b40$c20230419$lBLL01$h1458
=CAT  \\$a10973$b40$c20230821$lBLL01$h1035
=CAT  \\$a10973$b40$c20230821$lBLL01$h1047
=CAT  \\$a11205$b40$c20230921$lBLL01$h1120
=CFI  0\$aCurrent copyright fee: zero$c16\0$e12-oct-2022$fGBP0.00$g0$hP$5Uk
=EST  \\$a1
=FFP  \\$aY$bBLDSS-3PM
=FIN  \\$aY$d20230821
=LET  \0$aCommunications psychology (Electronic)
=MNI  \\$a2731-9121
=UNO  \\$aY
=LAS  \\$a11205$b40$c20230921$lBLL01$h1120

