=LDR  02406cas a2200685 i 4500
=001  020776017
=003  Uk
=005  20230912115118.0
=006  m\\\\\\\\d\\\\\\\\
=007  cr||||||||||||
=008  221012c20239999enk\x\j\o\\\\\0\\\a0eng\\
=FMT  \\$a  SE
=015  \\$aGBC3H2223$2bnb
=022  0\$a2731-913X$202
=037  \\$a???$bSpringer
=040  \\$aUk$beng$cUk$erda
=042  \\$aissnuk$aukblsr
=082  04$a362.1$223
=210  0\$aBMC glob. public health
=222  \0$aBMC global and public health
=245  00$aBMC global and public health.
=246  3\$aBioMed Central global and public health
=264  \1$aLondon :$bBMC
=336  \\$atext$2rdacontent
=337  \\$acomputer$2rdamedia
=338  \\$aonline resource$2rdacarrier
=362  0\$a1:1 (2023)-
=500  \\$aTitle from article PDF (BioMedCentral.com, viewed August 21, 2023).
=588  \\$aLatest issue consulted: 1:14 (2023); BioMedCentral.com, viewed September 12, 2023.
=538  \\$aMode of access: World Wide Web.
=540  \\$aCurrent copyright fee: zero$c22\1$5Uk
=650  \7$aPublic health.$2fast$0(OCoLC)fst01082238
=650  \7$aMedical policy.$2fast$0(OCoLC)fst01014505
=655  \7$aPeriodicals.$2fast$0(OCoLC)fst01411641
=690  7\$aSocial Welfare$2blcoll
=710  2\$aBioMed Central Ltd.
=856  40$31850-9999$uhttp://link.springer.com/$xBLDSS
=856  40$uhttps://bmcglobalpublichealth.biomedcentral.com/$xOA-J
=859  \\$aELD$bejournal
=852  41$aBritish Library$bHMNTS$jELD Digital store
=945  \\$aBMC Global and Public Health
=979  \\$aBritish Library$bDSC$j2116.050918N
=985  \\$aISSN UK Centre: ROAD-OA.
=CAT  \\$a12654$b40$c20221013$lBLL01$h1244
=CAT  \\$aBLDSS-3PM$b00$c20221018$lBLL01$h1453
=CAT  \\$aBATCH-UPD$b00$c20221018$lBLL01$h1454
=CAT  \\$aBATCH-UNOA$c20221019$lBLL01$h0107
=CAT  \\$a15190$b40$c20230419$lBLL01$h1133
=CAT  \\$a10973$b40$c20230821$lBLL01$h1058
=CAT  \\$aBATCH-SWP$c20230825$lBLL01$h2216
=CAT  \\$a11205$b40$c20230912$lBLL01$h1147
=CAT  \\$a11205$b40$c20230912$lBLL01$h1151
=CFI  0\$aCurrent copyright fee: zero$c22\1$e12-oct-2022$fGBP0.00$g0$hP$5Uk
=EST  \\$a1
=FFP  \\$aY$bBLDSS-3PM
=FIN  \\$aY$d20230821
=LET  \0$aBMC global and public health (Electronic)
=MNI  \\$a2731-913X
=UNO  \\$aY
=LAS  \\$a11205$b40$c20230912$lBLL01$h1151

