=LDR  03666cas a2200757 i 4500
=001  020160625
=003  Uk
=005  20220720150224.0
=006  m\\\\\o\\d\\\\\\\\
=007  cr\mn|||||||||
=008  201216c20209999enkqr\p\o\\\\\0\\\a0eng\c
=FMT  \\$a  SE
=010  \\$a  2021241040
=022  \\$a2667-0569
=035  \\$a(OCoLC)1229454927$z(OCoLC)1241559483
=037  \\$aISSN_26670569_8$bPortico$nElsevier
=040  \\$aLVT$beng$cLVT$dEZC$dVT2$dOCLCF$dZ5A$dFUG$dUk$erda
=042  \\$aukblsr
=050  \4$aTA455.C3
=082  04$a620.193$223
=222  \0$aCarbon trends
=245  00$aCarbon trends.
=246  3\$aCarbon materials and beyond
=264  \1$a[Oxford] :$bElsevier Ltd.,$c2020-
=300  \\$a1 online resource :$billustrations
=310  \\$aQuarterly
=336  \\$atext$2rdacontent
=337  \\$acomputer$2rdamedia
=338  \\$aonline resource$2rdacarrier
=362  1\$aBegan with volume 1 (November 2020).
=540  \\$aCurrent copyright fee: zero$c5\1$5Uk
=500  \\$a"Carbon materials and beyond."
=500  \\$aArticles are published online once they pass review by the editorial board.
=506  0\$fUnrestricted online access.$2star
=515  \\$aArticles have continuous numbering.
=520  2\$a"Carbon Trends is an international, peer-reviewed, open-access journal, and a companion title to the well-established journal, Carbon. This journal offers an open access platform to communicate progress in the field of carbon materials science. The scope of Carbon Trends comprises new developments associated to all forms of carbon, including traditionally bulk carbons to low-dimensional carbon-based structures. New and significant results related to the properties of material systems where carbon plays the central role are the core of the journal. However, articles on composites and on materials closely related to carbon (e.g., similar composition or morphologies) will also be considered by the Editors of Carbon Trends. This includes nitrides, carbides, and graphene-like low-dimensional materials (0D, 1D, and 2D)."--Publisher
=580  \\$aCompanion journal of: Carbon (Online).
=588  0\$aVolume 1, article 100009 (November 2020); title from publication website (ScienceDirect, viewed August 13, 2021).
=588  1\$aVolume 4, article 100077 (July 2021) (ScienceDirect, viewed August 13, 2021).
=650  \0$aCarbon$vPeriodicals.
=650  \0$aCarbon composites$vPeriodicals.
=650  \7$aCarbon.$2fast$0(OCoLC)fst00846775
=650  \7$aCarbon composites.$2fast$0(OCoLC)fst00846798
=655  \7$aPeriodicals.$2fast$0(OCoLC)fst01411641
=787  1\$tCarbon (Online)$x1873-3891
=859  \\$aELD$bejournal
=856  \\$31850-9999$uhttp://www.sciencedirect.com/$xBLDSS
=856  40$uhttps://www.sciencedirect.com/science/journal/26670569$zAvailable from 2020 to present$70
=856  40$uhttps://www.journals.elsevier.com/carbon-trends/
=852  41$aBritish Library$bHMNTS$jELD Digital store$3Number 1(2020)-
=945  \\$aCarbon Trends
=979  \\$aBritish Library$aDSC$j3050.995900N
=CAT  \\$a12654$b40$c20210416$lBLL01$h1051
=CAT  \\$aBLDSS-3PM$b00$c20210422$lBLL01$h1235
=CAT  \\$aBATCH-UPD$b00$c20210422$lBLL01$h1238
=CAT  \\$a5410$b40$c20210428$lBLL01$h2100
=CAT  \\$a15020$b40$c20210527$lBLL01$h0920
=CAT  \\$a10806$b40$c20220217$lBLL01$h0836
=CAT  \\$a14412$b40$c20220720$lBLL01$h1502
=CFI  0\$aCurrent copyright fee: zero$c5\1$e16-apr-2021$fGBP0.00$g0$hP$5Uk
=EST  \\$a1
=FFP  \\$aY$bBLDSS-3PM
=FIN  \\$aY$d20220217
=SID  \\$aZ39$bOCLC
=TOC  \\$aETOC
=LAS  \\$a14412$b40$c20220720$lBLL01$h1502

