=LDR  03407cas a2200829 i 4500
=001  020494367
=003  Uk
=005  20221122103249.0
=006  m\\\\\\\\d\\\\\\\\
=007  cr||||||||||||
=008  220222c20209999enkfr\p\o\\\\\0\\\a0eng\\
=FMT  \\$a  SE
=015  \\$aGBC2K4093$2bnb
=022  0\$a2738-2486$y2719-2377$202
=037  \\$aISSN_27192377_75$bPortico$nEmerald
=040  \\$aUk$beng$cUk$dUk$erda
=042  \\$aissnuk$aukblsr
=082  04$a658.8$223
=222  \0$aSouth Asian journal of marketing$b(Online)
=245  00$aSouth Asian journal of marketing.
=264  \1$aColombo :$bSri Lanka Institute of Marketing (SLIM)
=264  31$32021-$a[Bingley] :$bEmerald Publishing Limited
=310  \\$aSemiannual
=336  \\$atext$2rdacontent
=337  \\$acomputer$2rdamedia
=338  \\$aonline resource$2rdacarrier
=362  0\$aBegan in 2020.
=500  \\$aDescription based on ISSN portal record.
=588  \\$aLatest issue consulted: volume 2, issue 2 (2021) (Emerald Insight, viewed April 14, 2022).
=540  \\$aCurrent copyright fee: zero$c25\0$5Uk
=550  \\$a"managed by the Faculty of Management Studies, Sabaragamuwa University of Sri Lanka on behalf of the Sri Lanka Institute of Marketing".
=650  \7$aMarketing.$2fast$0(OCoLC)fst01010167
=651  \7$aSoutheast Asia.$2fast$0(OCoLC)fst01240499
=655  \7$aPeriodicals.$2fast$0(OCoLC)fst01411641
=690  7\$aManagement and Business Studies$2blcoll
=710  2\$aSri Lanka Institute of Marketing,$eissuing body.
=710  2\$aSabaragamuwa University.$bFaculty of Management Studies.
=776  08$iAlso issued in print as:$tSouth Asian journal of marketing$x2719-2377
=856  40$uhttps://www.emerald.com/insight/publication/issn/2719-2377
=859  \\$aELD$bejournal
=856  4\$uhttps://www.emeraldgrouppublishing.com/journal/sajm
=856  40$uhttps://slim.lk/journal_home$zLink no longer valid
=856  4\$31850-9999$uhttp://www.emeraldinsight.com/$xBLDSS
=852  41$aBritish Library$bHMNTS$jELD Digital store$3Volume 2:Issue 1(2021)-
=945  \\$aSouth Asian Journal of Marketing.
=979  \\$aBritish Library$bDSC$j8348.628530N
=985  \\$aISSN UK Centre: transfer of responsibility request sent to ISSN Sri Lanka 14/4/2022 DLW.
=CAT  \\$a12654$b40$c20220222$lBLL01$h0828
=CAT  \\$a12654$b40$c20220222$lBLL01$h0831
=CAT  \\$aBATCH-UNOA$c20220223$lBLL01$h0019
=CAT  \\$aBLDSS-3PM$b00$c20220228$lBLL01$h1524
=CAT  \\$aBATCH-UPD$b00$c20220228$lBLL01$h1524
=CAT  \\$a14586$b40$c20220321$lBLL01$h1432
=CAT  \\$a14586$b40$c20220321$lBLL01$h1433
=CAT  \\$a10973$b40$c20220414$lBLL01$h0701
=CAT  \\$a10973$b40$c20220414$lBLL01$h0716
=CAT  \\$a10973$b40$c20220414$lBLL01$h0723
=CAT  \\$a3072$b40$c20221115$lBLL01$h1619
=CAT  \\$a3072$b40$c20221116$lBLL01$h1107
=CAT  \\$a3072$b40$c20221116$lBLL01$h1454
=CAT  \\$a3072$b40$c20221116$lBLL01$h1601
=CAT  \\$a3072$b40$c20221116$lBLL01$h1626
=CAT  \\$aBATCH-MBS$c20221118$lBLL01$h2212
=CAT  \\$a7332$b40$c20221122$lBLL01$h1032
=CFI  0\$aCurrent copyright fee: zero$c25\0$e22-feb-2022$fGBP0.00$g0$hP$5Uk
=EST  \\$a1
=FFP  \\$aY$bBLDSS-3PM
=FIN  \\$aY$d20220414
=LET  \0$aSouth Asian journal of marketing (Electronic)
=MNI  \\$a2719-2377
=UNO  \\$aY
=LAS  \\$a7332$b40$c20221122$lBLL01$h1032

