=LDR  03946cas a2200949 i 4500
=001  019468364
=003  Uk
=005  20211109164621.0
=006  m\\\\\o\\d\\\\\\\\
=007  cr\|||||||||||
=008  160919c20139999enkqr\poo\\\\\0\\\a0eng\c
=FMT  \\$a  SE
=010  \\$a  2018242199
=015  \\$aGBC1H5809$2bnb
=016  7\$a101700650$2DNLM
=022  0\$a2009-8774$l2305-6983$y2305-6983$202
=035  \\$a(OCoLC)958657850$z(OCoLC)947074000$z(OCoLC)964860581$z(OCoLC)981111954$z(OCoLC)987347159$z(OCoLC)1165662046$z(OCoLC)1193539736$z(OCoLC)1229354842
=037  \\$aISSN_23056983_1218$bPortico$nBMJ
=040  \\$aZ5A$beng$cZ5A$dCUS$dVT2$dAU@$dOCLCF$dCUS$dMYG$dOCL$dOCLCQ$dNLM$dOCLCO$dOCLCA$dBWN$dOCLCA$dUk$erda$epn
=042  \\$aukblsr$aissnuk
=050  14$aRC46
=060  00$aW1
=082  04$a610.5$223
=210  0\$aFam. med. community health$b(Online)
=222  \0$aFamily medicine and community health$b(Online)
=245  00$aFamily medicine and community health.
=246  30$aFMCH
=264  \1$aShannon, Ireland :$bCompuscript for Chinese General Practice Press,$c[2013]-
=264  31$32019-$aLondon, United Kingdom :$bBMJ
=310  \\$aQuarterly
=336  \\$atext$2rdacontent
=337  \\$acomputer$2rdamedia
=338  \\$aonline resource$2rdacarrier
=362  1\$aBegan with Volume 1-1 (March 2013).
=515  \\$aArticles published as they become available and compiled into quarterly issues.
=550  \\$a"Founded by the Chinese General Practice Press (CGPP) and Beijing Huawei General Practice Research Institute (BHGPRI)."
=588  \\$aDescription based on: Volume 1-1 (March 2013); title from journal home page (publisher's website, viewed December 16, 2019).
=588  \\$aLatest issue consulted: Volume 9-4 (October 2021); BMJ Journals, viewed October 26, 2021.
=540  \\$aCurrent copyright fee: zero$c118\0$5Uk
=650  \0$aFamily medicine$vPeriodicals.
=650  \0$aPublic health$vPeriodicals.
=650  \7$aFamily medicine.$2fast$0(OCoLC)fst00920401
=650  \7$aPublic health.$2fast$0(OCoLC)fst01082238
=650  12$aFamily Practice.
=650  22$aCommunity Health Services.
=650  22$aGeneral Practice.
=653  \\$aInternal Medicine
=655  \0$aElectronic journals.
=655  \7$aPeriodicals.$2fast$0(OCoLC)fst01411641
=655  \2$aPeriodical.
=710  2\$aChinese General Practice Press.
=710  2\$aBeijing Huawei General Practice Research Institute.
=776  08$iAlso issued in print as:$tFamily medicine and community health$x2305-6983
=856  40$31850-9999$uhttp://www.bmj.com/archive$xBLDSS
=856  40$uhttps://fmch.bmj.com/
=856  40$uhttp://www.ingentaconnect.com/content/cscript/fmch$z03/01/2013 to 12/01/2018
=859  \\$aELD$bejournal
=852  41$aBritish Library$bHMNTS$jELD Digital store$3Volume 1:Issue 1(2013)-
=979  \\$aBritish Library$bDSC$j3865.567456N
=985  \\$aUpgraded by BSS-generated file for WR1910-0531
=985  \\$aISSN responsibility transferred from Ireland to the UK (02/11/21)
=CAT  \\$a12654$b40$c20190715$lBLL01$h1120
=CAT  \\$a12654$b40$c20190715$lBLL01$h1121
=CAT  \\$aBLDSS-3PM$b00$c20190725$lBLL01$h1607
=CAT  \\$aBATCH-UPD$b00$c20190725$lBLL01$h1607
=CAT  \\$aW1910-0531$b00$c20191108$lBLL01$h1837
=CAT  \\$a11450$b40$c20211011$lBLL01$h1506
=CAT  \\$a11205$b40$c20211026$lBLL01$h1327
=CAT  \\$a11205$b40$c20211026$lBLL01$h1328
=CAT  \\$a10806$b40$c20211026$lBLL01$h1343
=CAT  \\$a10806$b40$c20211102$lBLL01$h1130
=CAT  \\$a8871$b40$c20211109$lBLL01$h1646
=CFI  0\$aCurrent copyright fee: zero$c118\0$e15-jul-2019$fGBP0.00$g0$hP$5Uk
=EST  \\$a1
=FFP  \\$aY$bBLDSS-3PM
=FIN  \\$aY$d20211026
=LET  \0$aFamily medicine and community health (Electronic)
=MNI  \\$a2305-6983
=SID  \\$aZ39$bOCLC
=TOC  \\$aETOC
=UNO  \\$aY
=LAS  \\$a8871$b40$c20211109$lBLL01$h1646

