=LDR  03590cas a2200949 a 4500
=001  013350667
=003  Uk
=005  20230111143026.0
=006  m\\\\\\\\d\\\\\\\\
=007  cr\|||||||||||
=008  050614c19989999gw\uu\pss\\\\\0\\\b0ger\d
=FMT  \\$a  SE
=022  \\$a1439-0663
=037  \\$aISSN_14362597$bPortico$nWiley
=040  \\$aOCLCS$cOCLCS$dUk
=042  \\$aukblsr
=050  \4$aTP1$b.C552
=082  04$a660$223
=130  0\$aCITplus (Online)
=222  \0$aCIT plus$b(Internet)
=245  10$aCITplus$h[electronic resource].
=246  3\$aCIT plus
=246  30$aChemie Ingenieur Technik plus
=260  \\$aWeinheim :$bWiley-VCH Verlag
=336  \\$atext$2rdacontent
=337  \\$acomputer$2rdamedia
=338  \\$aonline resource$2rdacarrier
=500  \\$a"Das Praxismagazin der Chemie Ingenieur Technik."
=500  \\$aDescription based on print version record.
=530  \\$aAlso issued in print.
=538  \\$aMode of access: World Wide Web.
=588  \\$aLatest issue consulted: volume 25, issue 12 (December 2022) (Wiley Online Library, January 11, 2023).
=540  \\$aCurrent copyright fee: GBP32.00$c35\0$5Uk
=650  \0$aChemical engineering$vPeriodicals.
=650  \0$aChemical industry$vPeriodicals.
=772  0\$tChemie-Ingenieur-Technik
=776  1\$tCIT plus$x1436-2597
=856  \\$31850-9999$uhttp://onlinelibrary.wiley.com/$xBLDSS
=856  40$uhttps://www.chemanager-online.com/citplus/archiv
=859  \\$aELD$bejournal
=852  41$aBritish Library$bHMNTS$jELD Digital store$3Volume 22:Issue 10(2019)-
=945  \\$aCIT PLUS.
=959  \\$fCurrently received
=979  \\$aBritish Library$bDSC$j3267.699000
=CAT  \\$a11281$b40$c20051201$lBLL01$h0952
=CAT  \\$a11281$b40$c20051201$lBLL01$h0954
=CAT  \\$aBATCH-UPD$b40$c20060901$lBLL01$h0959
=CAT  \\$aBATCH-UPD$b40$c20060901$lBLL01$h1031
=CAT  \\$aBATCH-UPD$b40$c20101116$lBLL01$h1335
=CAT  \\$aIPL-CLA$c20101231$lBLL01$h1517
=CAT  \\$aWR13.005$c20130323$lBLL01$h1332
=CAT  \\$aBLDSS-3PM$b00$c20141214$lBLL01$h1523
=CAT  \\$aBATCH-UPD$b00$c20150215$lBLL01$h1657
=CAT  \\$aIPL-CLA$c20150228$lBLL01$h2049
=CAT  \\$aBATCH-UPD$b00$c20160923$lBLL01$h2327
=CAT  \\$a5552$b40$c20161221$lBLL01$h1124
=CAT  \\$aBATCH-UPD$b40$c20180219$lBLL01$h1748
=CAT  \\$aBATCH-UPD$b40$c20181121$lBLL01$h1622
=CAT  \\$aIPL-CLA$c20181231$lBLL01$h1543
=CAT  \\$aBATCH-UPD$b00$c20200219$lBLL01$h1541
=CAT  \\$aIPL-CLA$c20200331$lBLL01$h1615
=CAT  \\$a10806$b40$c20211105$lBLL01$h0853
=CAT  \\$a10806$b40$c20211105$lBLL01$h0854
=CAT  \\$a10806$b40$c20211105$lBLL01$h0857
=CAT  \\$a10806$b40$c20211105$lBLL01$h0858
=CAT  \\$a14586$b40$c20220321$lBLL01$h1650
=CAT  \\$a8124$b40$c20230111$lBLL01$h1430
=CFI  0\$aCurrent copyright fee: GBP32.00$c35\0$e01-apr-2020$fGBP32.00$g0$hP$5Uk
=CFI  2\$aPrevious copyright fee: GBP28.00$c35\0$e01-jan-2019$fGBP28.00$g0$hP$5Uk
=EST  \\$a1
=FFP  \\$aY$bBLDSS-3PM
=FIN  \\$aY$d20051201
=LKR  \\$aPAR$b012394713$lBLL01$nCIT plus (Print)$mCIT plus (Online)$r77608
=MNI  \\$a1436-2597
=SID  \\$aZ39$bOCLC
=TCO  \\$aDEU$bVG WORT$c008
=TOC  \\$aETOC
=UNO  \\$aY
=ACF  \\$aPrevious Copyright Fee: GBP17.00$c35\0$e01-apr-2005$fGBP17.00$g0$hP$5Uk
=ACF  \\$aPrevious copyright fee: GBP22.00$c35\0$e01-jan-2011$fGBP22.00$g0$hP$5Uk
=ACF  \\$aPrevious copyright fee: GBP24.00$c35\0$e01-mar-2015$fGBP24.00$g0$hP$5Uk
=LAS  \\$a8124$b40$c20230111$lBLL01$h1430

