=LDR  02065cas a2200601 i 4500
=001  020160610
=003  Uk
=005  20220720151140.0
=006  m\\\\\\\\d\\\\\\\\
=007  cr\|||||||||||
=008  210416c20209999enkuu\p\s\\\\\0\\\a0eng\\
=FMT  \\$a  SE
=015  \\$aGBC216913$2bnb
=022  \\$a2666-5220
=037  \\$aISSN_26665220_8$bPortico$nElsevier
=040  \\$aUk$beng$cUk$erda
=042  \\$aukblsr
=082  04$a612.82$223
=222  \0$aBrain multiphysics
=245  00$aBrain multiphysics.
=264  \1$a[Oxford] :$bElsevier Ltd,$c2020-
=300  \\$billustrations (black and white, and colour)
=336  \\$atext$2rdacontent
=337  \\$acomputer$2rdamedia
=338  \\$aonline resource$2rdacarrier
=362  0\$aVolume 1 (November 2020)-
=500  \\$aTitle from journal homepage (ScienceDirect, viewed February 4, 2022).
=515  \\$aArticles added, as accepted, to current annual volume.
=538  \\$aMode of access: World Wide Web.
=540  \\$aCurrent copyright fee: zero$c5\1$5Uk
=650  \0$aBrain$vPeriodicals.
=650  \0$aBrain$xPhysiology$vPeriodicals.
=650  \0$aNeurosciences$vPeriodicals.
=856  40$31850-9999$uhttp://www.sciencedirect.com/$xBLDSS
=856  40$uhttps://www.sciencedirect.com/journal/brain-multiphysics
=859  \\$aELD$bejournal
=852  41$aBritish Library$bHMNTS$jELD Digital store$3Volume 1(2020)-
=945  \\$aBrain Multiphysics
=979  \\$aBritish Library$bDSC$j2268.140500N
=CAT  \\$a12654$b40$c20210416$lBLL01$h1031
=CAT  \\$aBLDSS-3PM$b00$c20210422$lBLL01$h1235
=CAT  \\$aBATCH-UPD$b00$c20210422$lBLL01$h1238
=CAT  \\$a5410$b40$c20210428$lBLL01$h2052
=CAT  \\$a15020$b40$c20210527$lBLL01$h0816
=CAT  \\$a10806$b40$c20220204$lBLL01$h1050
=CAT  \\$a14412$b40$c20220720$lBLL01$h1511
=CFI  0\$aCurrent copyright fee: zero$c5\1$e16-apr-2021$fGBP0.00$g0$hP$5Uk
=EST  \\$a1
=FFP  \\$aY$bBLDSS-3PM
=FIN  \\$aY$d20220204
=MNI  \\$a2666-5220
=TOC  \\$aETOC
=LAS  \\$a14412$b40$c20220720$lBLL01$h1511

