=LDR  02830cas a2200757 i 4500
=001  020168860
=003  Uk
=005  20230201090734.0
=006  m\\\\\\\\d\\\\\\\\
=007  cr\|||||||||||
=008  210423c20219999nyuqr\j\s\\\\\0\\\a0eng\\
=FMT  \\$a  SE
=015  \\$aGBC2K3279$2bnb
=022  0\$a2765-8619
=037  \\$aISSN_27658619_74$bPortico$nLippincott Williams & Wilkins
=040  \\$aUk$beng$cUk$erda
=042  \\$aukblsr
=082  04$a615.892$223
=222  \0$aAcupuncture and herbal medicine
=245  00$aAcupuncture and herbal medicine.
=246  13$aAHM
=264  \1$a[New York] :$bWolters Kluwer,$c2021-
=300  \\$billustrations (colour)
=336  \\$atext$2rdacontent
=337  \\$acomputer$2rdamedia
=338  \\$aonline resource$2rdacarrier
=362  0\$aVolume 1, issue 1 (September 2021)-
=500  \\$aTitle from PDF article header (LWW website, viewed November 9, 2022).
=588  \\$aLatest issue consulted: volume 2, issue 2 (June 2022)(viewed November 9, 2022).
=538  \\$aMode of access: World Wide Web.
=540  \\$aCurrent copyright fee: zero$c20\0$5Uk
=650  \0$aAcupuncture$vPeriodicals.
=650  \0$aHerbs$xTherapeutic use$vPeriodicals.
=650  \0$aMedicine, Chinese$vPeriodicals.
=710  2\$aTianjin Zhong yi yao da xue,$eissuing body.
=776  08$iAlso issued in print as:$tAcupuncture and herbal medicine$x2097-0226
=856  40$31850-9999$uhttp://journals.lww.com/pages/default.aspx$xBLDSS
=856  40$uhttps://journals.lww.com/ahm/pages/default.aspx
=859  \\$aELD$bejournal
=852  41$aBritish Library$bHMNTS$jELD Digital store$3Volume 1:Issue 1(2021)-
=945  \\$aAcupuncture & herbal medicine
=959  \\$fCurrently received
=979  \\$aBritish Library$bDSC$j0677.930500N
=CAT  \\$a12654$b40$c20210423$lBLL01$h0745
=CAT  \\$aBLDSS-3PM$b00$c20210426$lBLL01$h1240
=CAT  \\$aBATCH-UPD$b00$c20210426$lBLL01$h1252
=CAT  \\$aBATCH-UNOA$c20210427$lBLL01$h2106
=CAT  \\$a5410$b40$c20210504$lBLL01$h1319
=CAT  \\$a5410$b40$c20210512$lBLL01$h1000
=CAT  \\$a14586$b40$c20220728$lBLL01$h1039
=CAT  \\$a14586$b40$c20220728$lBLL01$h1040
=CAT  \\$a14586$b40$c20220728$lBLL01$h1041
=CAT  \\$a8124$b40$c20221109$lBLL01$h1347
=CAT  \\$a8124$b40$c20221109$lBLL01$h1350
=CAT  \\$a8124$b40$c20221109$lBLL01$h1540
=CAT  \\$a12654$b40$c20230201$lBLL01$h0907
=CFI  0\$aCurrent copyright fee: zero$c20\0$e01-feb-2023$fGBP0.00$g0$hP$5Uk
=CFI  2\$aPrevious copyright fee: GBP32.00$c20\0$e23-apr-2021$fGBP32.00$g0$hP$5Uk
=EST  \\$a1
=FFP  \\$aY$bBLDSS-3PM
=FIN  \\$aY$d20221109
=LET  \0$aAcupuncture and herbal medicine (Electronic)
=MNI  \\$a2765-8619
=TOC  \\$aETOC
=UNO  \\$aY
=LAS  \\$a12654$b40$c20230201$lBLL01$h0907

