=LDR  02979cas a2200769 i 4500
=001  020171146
=003  Uk
=005  20230207084950.0
=006  m\\\\\o\\d\\\\\\\\
=007  cr\|||||||||||
=008  200902c20219999nyuqr\p\o\\\\\0\\\a0eng\\
=FMT  \\$a  SE
=010  \\$a  2020203050
=022  0\$a2693-8499
=035  \\$a(OCoLC)1192495597
=037  \\$aISSN_26938499_74$bPortico$nLippincott Williams & Wilkins
=040  \\$aDLC$beng$cDLC$dDLC$dOCLCQ$dIUL$dDLC$dOCLCF$dOCLCO$dCASUM$dUk$erda
=042  \\$aukblsr
=050  10$aISSN RECORD
=082  00$a616.12005$223
=210  0\$aCardiol. discov.$b(Online)
=222  \0$aCardiology discovery$b(Online)
=245  00$aCardiology discovery.
=264  \1$a[New York, New York] :$bWolters Kluwer Health, Inc.,$c[2021]-
=310  \\$aQuarterly
=336  \\$atext$btxt$2rdacontent
=337  \\$acomputer$bc$2rdamedia
=338  \\$aonline resource$bcr$2rdacarrier
=362  1\$aBegan with: Volume 1, Issue 1 (March 2021).
=540  \\$aCurrent copyright fee: zero$c20\0$5Uk
=500  \\$aPer Wolters Kluwer contact, local print edition published in China only.
=550  \\$a"Official journal of the Chinese Society of Cardiology (CSC) of Chinese Medical Association (CMA)."
=588  0\$aVolume 1, Issue 1 (March 2021); title from caption (lww.com, viewed April 22, 2021).
=588  1\$aVolume 2, issue 3 (September 2022) (viewed November 15, 2022).
=650  \0$aCardiology$vPeriodicals.
=650  12$aCardiology.
=650  \7$aCardiology.$2fast$0(OCoLC)fst00847121
=655  \7$aPeriodicals.$2fast$0(OCoLC)fst01411641
=710  2\$aChinese Society of Cardiology,$eissuing body.
=776  08$iPrint version:$tCardiology discovery$x2096-952X
=859  \\$aELD$bejournal
=856  \\$31850-9999$uhttp://journals.lww.com/pages/default.aspx$xBLDSS
=856  40$uhttps://journals.lww.com/CD/pages/default.aspx
=852  41$aBritish Library$bHMNTS$jELD Digital store$3Volume 1:Issue 1(2021)-
=945  \\$aCardiology Discovery
=979  \\$aBritish Library$bDSC$j3051.432400N
=CAT  \\$a12654$b40$c20210427$lBLL01$h1035
=CAT  \\$a12654$b40$c20210427$lBLL01$h1038
=CAT  \\$aBATCH-UNOA$c20210427$lBLL01$h2106
=CAT  \\$aBLDSS-3PM$b00$c20210505$lBLL01$h1510
=CAT  \\$aBATCH-UPD$b00$c20210505$lBLL01$h1512
=CAT  \\$a5410$b40$c20210511$lBLL01$h1148
=CAT  \\$a14412$b40$c20220324$lBLL01$h0844
=CAT  \\$a10983$b40$c20220604$lBLL01$h1058
=CAT  \\$a8124$b40$c20221115$lBLL01$h1418
=CAT  \\$a8124$b40$c20221124$lBLL01$h1248
=CAT  \\$a12654$b40$c20230207$lBLL01$h0849
=CFI  0\$aCurrent copyright fee: zero$c20\0$e07-feb-2023$fGBP0.00$g0$hP$5Uk
=CFI  2\$aPrevious copyright fee: GBP32.00$c20\0$e27-apr-2020$fGBP32.00$g0$hP$5Uk
=EST  \\$a1
=FFP  \\$aY$bBLDSS-3PM
=FIN  \\$aY$d20221115
=MNI  \\$a2096-952X
=SID  \\$aZ39$bOCLC
=TOC  \\$aETOC
=UNO  \\$aY
=LAS  \\$a12654$b40$c20230207$lBLL01$h0849

