=LDR  03188cas a2200781 i 4500
=001  020171206
=003  Uk
=005  20221116112141.0
=006  m\\\\\o\\d\\\\\\\\
=007  cr\|||||||||||
=008  200904c20219999nyuqr\p\o\\\\\0\\\a0eng\\
=FMT  \\$a  SE
=010  \\$a  2020203056
=022  \\$a2693-860X
=035  \\$a(OCoLC)1193033720
=037  \\$aISSN_2693860X_74$bPortico$nLippincott Williams & Wilkins
=040  \\$aDLC$beng$cDLC$dDLC$dOCLCF$dOCLCO$dUk$erda
=042  \\$aukblsr
=050  10$aISSN RECORD
=050  14$aRC86
=082  00$a616.025$223/eng/20211202
=210  0\$aEmerg. crit. care med.
=222  \0$aEmergency and critical care medicine
=245  00$aEmergency and critical care medicine.
=246  1\$aECCM
=264  \1$aNew York, NY :$bWolters Kluwer,$c2021-
=310  \\$aQuarterly
=336  \\$atext$btxt$2rdacontent
=337  \\$acomputer$bc$2rdamedia
=338  \\$aonline resource$bcr$2rdacarrier
=362  1\$aBegan with: Volume 1, issue 1 (September 2021).
=540  \\$aCurrent copyright fee: zero$c20\0$5Uk
=500  \\$aAn ofﬁcial journal of Shandong University.
=500  \\$aPer Wolters Kluwer contact, local print edition published in China only.
=520  \\$aAn open access, peer-reviewed, international medical journal dedicated to improving the quality of care by publishing basic and clinical cutting-edge findings in emergency, critical care and related medical specialties.
=588  0\$aVolume 1, issue 1 (September 2021); title from table of contents page (Wolters Kluwer website, viewed Dec. 2, 2021).
=588  1\$aVolume 2, issue 3 (September 2022) (LWW journals website, viewed November 16, 2022).
=650  \0$aEmergency medicine$vPeriodicals.
=650  \0$aCritical care medicine$vPeriodicals.
=650  \7$aCritical care medicine.$2fast$0(OCoLC)fst00883647
=650  \7$aEmergency medicine.$2fast$0(OCoLC)fst00908615
=655  \7$aPeriodicals.$2fast$0(OCoLC)fst01411641
=710  2\$aWolters Kluwer (Firm),$epublisher.
=710  2\$aShandong da xue,$eissuing body.
=776  08$iPrint version:$tEmergency and critical care medicine$x2097-0617
=859  \\$aELD$bejournal
=856  \\$31850-9999$uhttp://journals.lww.com/pages/default.aspx$xBLDSS
=856  40$uhttps://journals.lww.com/eccm/pages/currenttoc.aspx
=852  41$aBritish Library$bHMNTS$jELD Digital store$3Volume 1:Issue 1(2021)-
=945  \\$aEmergency and critical care medicine
=979  \\$aBritish Library$bDSC$j3733.168900N
=CAT  \\$a12654$b40$c20210427$lBLL01$h1159
=CAT  \\$aBATCH-UNOA$c20210427$lBLL01$h2106
=CAT  \\$aBLDSS-3PM$b00$c20210505$lBLL01$h1510
=CAT  \\$aBATCH-UPD$b00$c20210505$lBLL01$h1512
=CAT  \\$a5410$b40$c20210511$lBLL01$h1218
=CAT  \\$a14412$b40$c20220324$lBLL01$h1126
=CAT  \\$a10983$b40$c20220604$lBLL01$h1122
=CAT  \\$a8124$b40$c20221116$lBLL01$h1121
=CFI  0\$aCurrent copyright fee: zero$c20\0$e27-apr-2021$fGBP0.00$g0$hP$5Uk
=EST  \\$a1
=FFP  \\$aY$bBLDSS-3PM
=FIN  \\$aY$d20221116
=MNI  \\$a2097-0617
=SID  \\$aZ39$bOCLC
=TOC  \\$aETOC
=UNO  \\$aY
=LAS  \\$a8124$b40$c20221116$lBLL01$h1121

