=LDR  03088cas a2200805 i 4500
=001  020171254
=003  Uk
=005  20221116140238.0
=006  m\\\\\o\\d\\\\\\\\
=007  cr\|||||||||||
=008  160714c20179999vaukx\p\o\\\\\0\\\a0eng\\
=FMT  \\$a  SE
=010  \\$a  2016202993
=016  7\$a101708809$2DNLM
=022  0\$a2473-4276$l2473-4276$21
=035  \\$a(OCoLC)953574286$z(OCoLC)1148593416$z(OCoLC)1151479022
=037  \\$aISSN_24734276_74$bPortico$nLippincott Williams & Wilkins
=040  \\$aDLC$beng$cDLC$dDLC$dOCLCO$dDLC$dNLM$dOCLCO$dOCLCA$dOCLCQ$dUk$erda$epn
=042  \\$aukblsr
=050  10$aISSN RECORD
=060  00$aW1
=082  00$a616.994$223
=210  0\$aJCO clinical cancer informatics
=210  10$aJCO Clin Cancer Inform$2dnlm
=222  \0$aJCO clinical cancer informatics
=245  00$aJCO clinical cancer informatics.
=246  1\$aJournal of clinical oncology, clinical cancer informatics
=246  1\$aJCO CCI
=246  1\$aClinical cancer informatics
=264  \1$aAlexandria, VA :$bAmerican Society of Clinical Oncology,$c[2017]-
=300  \\$a1 online resource
=336  \\$atext$btxt$2rdacontent
=337  \\$acomputer$bc$2rdamedia
=338  \\$aonline resource$bcr$2rdacarrier
=362  1\$aBegan with Volume 2017, Issue 1 (2017)
=540  \\$aCurrent copyright fee: GBP32.00$c20\0$5Uk
=515  \\$aArticles published as they become available and compiled into annual issues.
=515  \\$aNumbering from archive page.
=588  0\$aVolume 2017, Issue 1 (2017); title from journal home page (publisher's Web site, viewed January 18, 2018).
=588  1\$aVolume 6 (2022)(viewed November 16, 2022)(ASCO website, viewed November 16, 2022).
=650  12$aMedical Oncology.
=650  22$aMedical Informatics.
=650  \7$aOncology.$2fast$0(OCoLC)fst01045739
=650  \7$aMedical informatics.$2fast$0(OCoLC)fst01014175
=655  \7$aPeriodicals.$2fast$0(OCoLC)fst01411641
=655  \2$aPeriodical.
=710  2\$aAmerican Society of Clinical Oncology,$eissuing body.
=856  \\$31850-9999$uhttp://journals.lww.com/pages/default.aspx$xBLDSS
=859  \\$aELD$bejournal
=856  40$uhttp://ascopubs.org/journal/cci
=852  41$aBritish Library$bHMNTS$jELD Digital store$3Volume 5(2021)-
=945  \\$aJCO Clinical Cancer Informatics
=979  \\$aBritish Library$bDSC$j4663.443120N
=CAT  \\$a12654$b40$c20210427$lBLL01$h1250
=CAT  \\$a12654$b40$c20210427$lBLL01$h1251
=CAT  \\$aBATCH-UNOA$c20210427$lBLL01$h2106
=CAT  \\$aBLDSS-3PM$b00$c20210505$lBLL01$h1510
=CAT  \\$aBATCH-UPD$b00$c20210505$lBLL01$h1512
=CAT  \\$a5410$b40$c20210511$lBLL01$h1349
=CAT  \\$a10902$b40$c20220324$lBLL01$h0729
=CAT  \\$a8124$b40$c20221116$lBLL01$h1349
=CAT  \\$a8124$b40$c20221116$lBLL01$h1402
=CFI  0\$aCurrent copyright fee: GBP32.00$c20\0$e27-apr-2021$fGBP32.00$g0$hP$5Uk
=EST  \\$a1
=FFP  \\$aY$bBLDSS-3PM
=FIN  \\$aY$d20221116
=SID  \\$aZ39$bOCLC
=TOC  \\$aETOC
=UNO  \\$aY
=LAS  \\$a8124$b40$c20221116$lBLL01$h1402

