=LDR  03002cas a2200829 i 4500
=001  020174518
=003  Uk
=005  20220720152343.0
=006  m\\\\\o\\d\\\\\\\\
=007  cr\|||||||||||
=008  190702c20209999vaukr\poo\\\\\0\\\a0eng\\
=FMT  \\$a  SE
=010  \\$a  2019200504
=016  7\$a101760170$2DNLM
=022  \\$a2687-8941$l2687-8941
=035  \\$a(OCoLC)1107049854$z(OCoLC)1141459864
=037  \\$aISSN_26878941_74$bPortico$nLippincott Williams & Wilkins
=040  \\$aDLC$beng$cDLC$dOCLCO$dMYG$dOCLCF$dCASUM$dDLC$dNLM$dOCLCO$dVT2$dOCLCO$dOCLCA$dUk$erda$epn
=042  \\$aukblsr
=050  10$aISSN RECORD
=050  04$aRC254.A1
=060  00$aW1
=082  04$a616.994005$223
=210  10$aJCO Glob Oncol$2dnlm
=222  \0$aJCO global oncology
=245  00$aJCO global oncology.
=246  1\$aGlobal oncology
=246  1\$aJCO GO
=264  \1$aAlexandria, VA :$bAmerican Society of Clinical Oncology,$c©2020.
=300  \\$a1 online resource
=310  \\$aAnnual
=336  \\$atext$2rdacontent
=337  \\$acomputer$2rdamedia
=338  \\$aonline resource$2rdacarrier
=362  1\$aBegan with: Volume 6 (January 1, 2020).
=540  \\$aCurrent copyright fee: zero$c20\0$5Uk
=515  \\$aArticles published as they are received and compiled into volumes.
=588  \\$aDescription based on: Volume 6 (January 1, 2020); title from journal's Archive webpage (ASCO website, viewed Jan. 22, 2020).
=588  \\$aLatest issue consulted: Volume 6 (January 1, 2020), viewed Jan. 22, 2020.
=650  \0$aOncology$vPeriodicals.
=650  12$aMedical Oncology.
=650  12$aNeoplasms.
=650  \7$aOncology.$2fast$0(OCoLC)fst01045739
=655  \0$aElectronic journals.
=655  \2$aPeriodical.
=655  \7$aPeriodicals.$2fast$0(OCoLC)fst01411641
=710  2\$aAmerican Society of Clinical Oncology,$eissuing body.
=780  00$tJournal of global oncology$x2378-9506
=856  \\$31850-9999$uhttp://journals.lww.com/pages/default.aspx$xBLDSS
=859  \\$aELD$bejournal
=856  40$uhttps://ascopubs.org/journal/jgo
=852  41$aBritish Library$bHMNTS$jELD Digital store$3Volume 5(2019)-
=945  \\$aJCO Global Oncology
=979  \\$aBritish Library$bDSC$j4663.443125N
=CAT  \\$a12654$b40$c20210428$lBLL01$h0813
=CAT  \\$a12654$b40$c20210428$lBLL01$h0816
=CAT  \\$aBATCH-UNOA$c20210504$lBLL01$h2105
=CAT  \\$aBLDSS-3PM$b00$c20210505$lBLL01$h1510
=CAT  \\$aBATCH-UPD$b00$c20210505$lBLL01$h1512
=CAT  \\$a5410$b40$c20210511$lBLL01$h1351
=CAT  \\$a15005$b40$c20210521$lBLL01$h1214
=CAT  \\$a10806$b40$c20211104$lBLL01$h1435
=CAT  \\$a10806$b40$c20211104$lBLL01$h1437
=CAT  \\$a14412$b40$c20220720$lBLL01$h1523
=CFI  0\$aCurrent copyright fee: zero$c20\0$e24-apr-2021$fGBP0.00$g0$hP$5Uk
=EST  \\$a1
=FFP  \\$aY$bBLDSS-3PM
=FIN  \\$aY$d20211104
=SID  \\$aZ39$bOCLC
=TOC  \\$aETOC
=UNO  \\$aY
=LAS  \\$a14412$b40$c20220720$lBLL01$h1523

