=LDR  03164cas a2200865 i 4500
=001  020174527
=003  Uk
=005  20230223172124.0
=006  m\\\\\o\\d\\\\\\\\
=007  cr\|||||||||||
=008  190717c20209999vaumr\poo\\\\\0\\\a0eng\\
=FMT  \\$a  SE
=010  \\$a  2019200549
=016  7\$a101758685$2DNLM
=022  0\$a2688-1535$l2688-1527$21
=035  \\$a(OCoLC)1108874304$z(OCoLC)1148602704
=037  \\$aISSN_26881535_74$bPortico$nLippincott Williams & Wilkins
=040  \\$aUk$beng$cUk$dUk$erda
=042  \\$aukblsr
=050  10$aISSN RECORD
=050  04$aRC254.A1
=060  00$aW1
=082  10$a616.994$223
=210  10$aJCO Oncol Pract$2dnlm
=222  \0$aJCO oncology practice$b(Online)
=245  00$aJCO oncology practice.
=246  1\$aOncology practice
=246  1\$aJCO OP
=264  \1$aAlexandria, Va. :$bAmerican Society of Clinical Oncology,$c[2020]-
=300  \\$a1 online resource
=310  \\$aMonthly
=336  \\$atext$btxt$2rdacontent
=337  \\$acomputer$bc$2rdamedia
=338  \\$aonline resource$bcr$2rdacarrier
=362  1\$aBegan with: Volume 16, Issue 1 (January 1, 2020).
=540  \\$aCurrent copyright fee: zero$c20\0$5Uk
=588  \\$aDescription based on: Volume 16, issue 1 (January 1, 2020); title from journal home page (ASCO website, viewed Jan. 22, 2020).
=588  \\$aLatest issue consulted: Volume 18, Issue 11 (November 2022)(viewed November 16, 2022).
=650  \0$aOncology$vPeriodicals.
=650  12$aMedical Oncology
=650  22$aNeoplasms
=650  \7$aOncology.$2fast$0(OCoLC)fst01045739
=655  \7$aPeriodicals.$2fast$0(OCoLC)fst01411641
=710  2\$aAmerican Society of Clinical Oncology,$eissuing body.
=776  08$iPrint version:$tJCO oncology practice$x2688-1527
=780  00$tJournal of oncology practice (Online)$x1935-469X
=859  \\$aELD$bejournal
=856  \\$31850-9999$uhttp://journals.lww.com/pages/default.aspx$xBLDSS
=856  40$uhttps://ascopubs.org/journal/jop
=852  41$aBritish Library$bHMNTS$jELD Digital store$3Volume 17:Issue 1(2021)-
=945  \\$aJCO Oncology Practice
=979  \\$aBritish Library$bDSC$j4663.443130N
=985  \\$aUpdated by MS generated file for WR2302-017
=CAT  \\$a12654$b40$c20210428$lBLL01$h0838
=CAT  \\$a12654$b40$c20210428$lBLL01$h0845
=CAT  \\$a12654$b40$c20210428$lBLL01$h0847
=CAT  \\$aBATCH-UNOA$c20210504$lBLL01$h2105
=CAT  \\$aBLDSS-3PM$b00$c20210505$lBLL01$h1510
=CAT  \\$aBATCH-UPD$b00$c20210505$lBLL01$h1512
=CAT  \\$a5410$b40$c20210511$lBLL01$h1352
=CAT  \\$a12654$b40$c20210705$lBLL01$h0804
=CAT  \\$a10902$b40$c20220324$lBLL01$h0827
=CAT  \\$a8124$b40$c20221116$lBLL01$h1422
=CAT  \\$a8124$b40$c20221124$lBLL01$h1302
=CAT  \\$a12654$b40$c20230208$lBLL01$h1413
=CAT  \\$aW2302-0174$c20230223$lBLL01$h2052
=CFI  0\$aCurrent copyright fee: zero$c20\0$e28-apr-2021$fGBP0.00$g0$hP$5Uk
=EST  \\$a1
=FFP  \\$aY$bBLDSS-3PM
=FIN  \\$aY$d20221116
=MNI  \\$a2688-1527
=SID  \\$aZ39$bOCLC
=TOC  \\$aETOC
=UNO  \\$aY
=LAS  \\$aW2302-0174$b00$c20230223$lBLL01$h2052

