=LDR  03349cas a2200865 i 4500
=001  019462581
=003  Uk
=005  20211231154750.0
=006  m\\\\\o\\d\\\\\\\\
=007  cr\|||||||||||
=008  181003c20179999njufx\p\o\\\\\0\\\a0eng\\
=FMT  \\$a  SE
=010  \\$a  2018203301
=022  \\$a2639-5355
=035  \\$a(OCoLC)1055556241
=037  \\$aISSN_26395355$bPortico$nWiley
=040  \\$aDLC$beng$cDLC$dDLC$dUk$erda
=042  \\$aukblsr
=050  10$aISSN RECORD
=082  10$a306.76$223
=210  0\$aSex. gend. policy
=222  \0$aSexuality, gender & policy
=245  00$aSexuality, gender & policy.
=246  1\$aSexuality, gender and policy
=246  1\$aSG&P
=264  \1$aHoboken, NJ :$bJohn Wiley & Sons, Inc.,$c2017-
=310  \\$aTwice a year
=336  \\$atext$2rdacontent
=337  \\$acomputer$2rdamedia
=338  \\$aonline resource$2rdacarrier
=362  0\$aVolume 1, number 1 (Fall 2017)-
=515  \\$aNone published in 2018.
=520  \\$aFocuses on the social, political, and cultural dimensions of sexuality, as well as policy-relevant research on issues related to sexual health, sexual rights, and sexuality education.
=588  \\$aDescription based on: Volume 1, Issue 1 (Fall 2017); title from banner (Wiley, viewed Aug. 1, 2019).
=588  \\$aLatest issue consulted: Volume 2, issue 1 (May 2019) (Wiley, viewed Aug. 1, 2019).
=540  \\$aCurrent copyright fee: GBP39.00$c35\0$5Uk
=650  \0$aSex$vPeriodicals.
=650  \0$aSex in popular culture$vPeriodicals.
=650  \0$aSexual minorities$vPeriodicals.
=650  \0$aGender identity$vPeriodicals.
=690  7\$aSocial Welfare$2blcoll
=710  2\$aPolicy Studies Organization,$eissuing body.
=859  \\$aELD$bejournal
=856  \\$31850-9999$uhttp://onlinelibrary.wiley.com/$xBLDSS
=856  40$uhttps://onlinelibrary.wiley.com/journal/26395355
=852  41$aBritish Library$bHMNTS$jELD Digital store$3Volume 1:Issue 1(2017)-
=945  \\$aSexuality gender and policy.
=979  \\$aBritish Library$cDSC$j8254.485225N
=CAT  \\$a12654$b40$c20190708$lBLL01$h1350
=CAT  \\$a12654$b40$c20190708$lBLL01$h1355
=CAT  \\$aBATCH-UPD$b40$c20190709$lBLL01$h2238
=CAT  \\$a14412$b40$c20190717$lBLL01$h1201
=CAT  \\$aBLDSS-3PM$b00$c20190717$lBLL01$h1521
=CAT  \\$aBATCH-UPD$b00$c20190717$lBLL01$h1521
=CAT  \\$a5552$b40$c20190806$lBLL01$h1358
=CAT  \\$a5410$b40$c20190808$lBLL01$h1126
=CAT  \\$a5410$b40$c20190814$lBLL01$h0841
=CAT  \\$a10806$b40$c20191007$lBLL01$h0812
=CAT  \\$a10806$b40$c20191029$lBLL01$h1108
=CAT  \\$aBATCH-SWP$c20191104$lBLL01$h1346
=CAT  \\$aR1911-0245$c20191127$lBLL01$h0824
=CAT  \\$aR1911-0245$c20191127$lBLL01$h1045
=CAT  \\$aIPL-CLA$c20191231$lBLL01$h2046
=CAT  \\$aW2111-0842$c20211208$lBLL01$h1943
=CAT  \\$aIPL-CLA$c20211231$lBLL01$h1547
=CFI  0\$aCurrent copyright fee: GBP39.00$c35\0$e01-jan-2022$fGBP39.00$g0$hP$5Uk
=CFI  2\$aPrevious Copyright Fee: GBP32.00$c35\0$e01-jan-2020$fGBP32.00$g0$hP$5Uk
=EST  \\$a1
=FFP  \\$aY$bBLDSS-3PM
=FIN  \\$aY$d20191029
=SID  \\$aZ39$bOCLC
=TOC  \\$aETOC
=UNO  \\$aY
=ACF  \\$aPrevious copyright fee: GBP28.00$c35\0$e08-jul-2019$fGBP28.00$g0$hP$5Uk
=LAS  \\$aIPL-CLA$b00$c20211231$lBLL01$h1547

