=LDR  03066cas a2200805 i 4500
=001  019462643
=003  Uk
=005  20211231154750.0
=006  m\\\\\\\\d\\\\\\\\
=007  cr\|||||||||||
=008  190708c20199999xxufr\p\s\\\\\0\\\a0eng\\
=FMT  \\$a  SE
=022  \\$a2639-541X
=037  \\$aISSN_2639541X$bPortico$nWiley
=040  \\$aUk$beng$cUk$erda
=042  \\$aukblsr
=082  04$a363.61$223
=222  \0$aWorld water policy
=245  00$aWorld water policy.
=246  3\$aWWP
=264  \1$a[Hoboken, New Jersey?] :$bWiley Periodicals, Inc.,$c2019-
=310  \\$aSemiannual
=336  \\$atext$2rdacontent
=337  \\$acomputer$2rdamedia
=338  \\$aonline resource$2rdacarrier
=362  0\$aVol. 5, no. 1 (May 2019)-
=500  \\$aTitle from PDF cover (Wiley Online Library, viewed July 23, 2019).
=538  \\$aMode of access: World Wide Web.
=540  \\$aCurrent copyright fee: GBP39.00$c35\0$5Uk
=650  \0$aWater resources development$xGovernment policy$vPeriodicals.
=650  \0$aWater-supply$xGovernment policy$vPeriodicals.
=650  \0$aWater-supply$xManagement$vPeriodicals.
=650  \0$aEnvironmental policy$vPeriodicals.
=710  2\$aPolicy Studies Organization,$eissuing body.
=780  00$tNew water policy & practice$x2380-6540
=856  40$uhttps://onlinelibrary.wiley.com/journal/2639541x
=856  40$31850-9999$uhttp://onlinelibrary.wiley.com/$xBLDSS
=859  \\$aELD$bejournal
=852  41$aBritish Library$bHMNTS$jELD Digital store$3Volume 5:Issue 1(2019)-
=945  \\$aWorld water policy.
=979  \\$aBritish Library$bDSC$j9360.176200N
=CAT  \\$a12654$b40$c20190708$lBLL01$h1639
=CAT  \\$aBATCH-UPD$b40$c20190709$lBLL01$h2238
=CAT  \\$aBLDSS-3PM$b00$c20190717$lBLL01$h1521
=CAT  \\$aBATCH-UPD$b00$c20190717$lBLL01$h1522
=CAT  \\$a10806$b40$c20190723$lBLL01$h1143
=CAT  \\$a10806$b40$c20190723$lBLL01$h1145
=CAT  \\$a10806$b40$c20190723$lBLL01$h1146
=CAT  \\$a10806$b40$c20190723$lBLL01$h1148
=CAT  \\$a12654$b40$c20190812$lBLL01$h0843
=CAT  \\$a5410$b40$c20190814$lBLL01$h0838
=CAT  \\$a5410$b40$c20190814$lBLL01$h0839
=CAT  \\$a5410$b40$c20190814$lBLL01$h0840
=CAT  \\$aR1911-0245$c20191127$lBLL01$h0824
=CAT  \\$aR1911-0245$c20191127$lBLL01$h1045
=CAT  \\$aIPL-CLA$c20191231$lBLL01$h2046
=CAT  \\$a15001$b40$c20200120$lBLL01$h0921
=CAT  \\$a10806$b40$c20200313$lBLL01$h0735
=CAT  \\$aW2111-0842$c20211208$lBLL01$h1943
=CAT  \\$aIPL-CLA$c20211231$lBLL01$h1547
=CFI  0\$aCurrent copyright fee: GBP39.00$c35\0$e01-jan-2022$fGBP39.00$g0$hP$5Uk
=CFI  2\$aPrevious Copyright Fee: GBP32.00$c35\0$e01-jan-2020$fGBP32.00$g0$hP$5Uk
=EST  \\$a1
=FFP  \\$aY$bBLDSS-3PM
=FIN  \\$aY$d20190723
=LKR  \\$aPAR$b019242006$lBLL01$r78000$mWorld water policy$nNew water policy & practice
=TOC  \\$aETOC
=UNO  \\$aY
=ACF  \\$aPrevious copyright fee: GBP28.00$c35\0$e08-jul-2019$fGBP28.00$g0$hP$5Uk
=LAS  \\$aIPL-CLA$b00$c20211231$lBLL01$h1547

