=LDR  03184cas a2200793 i 4500
=001  019833106
=003  Uk
=005  20220209134117.0
=006  m\\\\\o\\d\\\\\\\\
=007  cr\unu||||||||
=008  200616c20209999enkkx\pso\\\\\0\\\a0eng\c
=FMT  \\$a  SE
=010  \\$a  2021240835
=016  7\$a3049825-9$2DE-600
=022  \\$a2666-352X
=035  \\$a(OCoLC)1161731741$z(OCoLC)1229874889$z(OCoLC)1241862604$z(OCoLC)1245771488$z(OCoLC)1287274399$z(OCoLC)1287864598
=037  \\$aISSN_2666352X$bPortico
=037  3\$aISSN_2666352X_8$bPortico$nElsevier
=040  \\$aSFB$beng$cSFB$dLVT$dCUS$dOCLCO$dVT2$dOCLCF$dCOD$dSOE$dUk$erda$epn
=042  \\$aukblsr
=050  \4$aTJ163.6
=082  04$a621.4023$223
=222  \0$aApplications in energy and combustion science
=245  00$aApplications in energy and combustion science.
=246  30$aEnergy and combustion science
=264  \1$a[Oxford, England] :$bElsevier,$c2020-
=300  \\$a1 online resource
=310  \\$aContinuously updated
=336  \\$atext$2rdacontent
=337  \\$acomputer$2rdamedia
=338  \\$aonline resource$2rdacarrier
=362  1\$aBegan with Volumes 1/4 (December 2020).
=540  \\$aCurrent copyright fee: zero$c5\1$5Uk
=506  0\$fUnrestricted online access.$2star
=588  0\$aVolumes 1/4 (December 2020); title from PDF caption (publisher's website, viewed Oct. 4, 2021).
=588  1\$aVolume 7 (September 2021) (viewed Oct. 4, 2021).
=650  \0$aPower (Mechanics)$vPeriodicals.
=650  \0$aCombustion engineering$vPeriodicals.
=650  \7$aCombustion engineering.$2fast$0(OCoLC)fst00869051
=650  \7$aPower (Mechanics)$2fast$0(OCoLC)fst01074198
=655  \0$aElectronic journals.
=655  \7$aPeriodicals.$2fast$0(OCoLC)fst01411641
=859  \\$aELD$bejournal
=856  \\$31850-9999$uhttp://www.sciencedirect.com/$xBLDSS
=856  40$uhttp://search.ebscohost.com/login.aspx?direct=true&site=edspub-live&scope=site&type=44&db=edspub&authtype=ip,guest&custid=ns011247&groupid=main&profile=eds&bquery=AN%2026074614
=856  40$uhttp://www.sciencedirect.com/science/journal/2666352X
=852  41$aBritish Library$bHMNTS$jELD Digital store$3(2020)-
=945  \\$aApplications in Energy and Combustion Science
=979  \\$aBritish Library$bDSC$j1571.064000N
=CAT  \\$a12654$b40$c20200706$lBLL01$h1041
=CAT  \\$a12654$b40$c20200706$lBLL01$h1042
=CAT  \\$a12654$b40$c20200706$lBLL01$h1043
=CAT  \\$a12654$b40$c20200706$lBLL01$h1045
=CAT  \\$aBLDSS-3PM$b00$c20200717$lBLL01$h1045
=CAT  \\$aBATCH-UPD$b00$c20200717$lBLL01$h1048
=CAT  \\$a5410$b40$c20200721$lBLL01$h1126
=CAT  \\$a5410$b40$c20200810$lBLL01$h2348
=CAT  \\$a5552$b40$c20210429$lBLL01$h1106
=CAT  \\$a15020$b40$c20210519$lBLL01$h1300
=CAT  \\$a10806$b40$c20220204$lBLL01$h0841
=CAT  \\$a14586$b40$c20220209$lBLL01$h1340
=CAT  \\$a14586$b40$c20220209$lBLL01$h1341
=CFI  0\$aCurrent copyright fee: zero$c5\1$e08-jul-2020$fGBP0.00$g0$hP$5Uk
=EST  \\$a1
=FFP  \\$aY$bBLDSS-3PM
=FIN  \\$aY$d20220204
=SID  \\$aZ39$bOCLC
=TOC  \\$aETOC
=LAS  \\$a14586$b40$c20220209$lBLL01$h1341

