=LDR  02392cas a2200685 i 4500
=001  019833107
=003  Uk
=005  20220316163647.0
=006  m\\\\\\\\d\|\\\\\\
=007  cr\|||||||||||
=008  191112c20209999enkqr\p\o\\\\\0\\\a0eng\\
=FMT  \\$a  SE
=015  \\$aGBC216899$2bnb
=022  \\$a2666-4968
=037  \\$aISSN_26664968_8$bPortico$nElsevier
=040  \\$aUk$beng$cUk$erda
=042  \\$aissnuk$aukblsr
=082  04$a620$223
=222  \0$aApplications in engineering science
=245  00$aApplications in engineering science.
=264  \1$a[Oxford] :$bElsevier Ltd,$c2020-
=310  \\$aQuarterly
=336  \\$atext$2rdacontent
=337  \\$acomputer$2rdamedia
=338  \\$aonline resource$2rdacarrier
=362  0\$aVolume 1 (March 2020)-
=500  \\$aTitle from journal homepage (viewed January 4, 2022).
=538  \\$aMode of access: World Wide Web.
=540  \\$aCurrent copyright fee: zero$c5\1$5Uk
=650  \0$aEngineering$vPeriodicals.
=856  40$31850-9999$uhttp://www.sciencedirect.com/$xBLDSS
=856  40$uhttps://www.sciencedirect.com/journal/applications-in-engineering-science
=859  \\$aELD$bejournal
=852  41$aBritish Library$bHMNTS$jELD Digital store$3(2020)-
=945  \\$aApplications in engineering science
=959  \\$fCurrently received
=979  \\$aBritish Library$bDSC$j1571.064500N
=CAT  \\$a12654$b40$c20200706$lBLL01$h1051
=CAT  \\$a12654$b40$c20200706$lBLL01$h1055
=CAT  \\$a12654$b40$c20200706$lBLL01$h1106
=CAT  \\$aBLDSS-3PM$b00$c20200717$lBLL01$h1045
=CAT  \\$aBATCH-UPD$b00$c20200717$lBLL01$h1048
=CAT  \\$a5410$b40$c20200721$lBLL01$h1129
=CAT  \\$a5410$b40$c20200721$lBLL01$h1135
=CAT  \\$a5410$b40$c20200810$lBLL01$h2348
=CAT  \\$a5552$b40$c20210429$lBLL01$h1108
=CAT  \\$a15020$b40$c20210519$lBLL01$h1333
=CAT  \\$a15020$b40$c20210519$lBLL01$h1334
=CAT  \\$a10806$b40$c20220204$lBLL01$h0901
=CAT  \\$a10806$b40$c20220204$lBLL01$h0902
=CAT  \\$a14586$b40$c20220209$lBLL01$h1349
=CAT  \\$a5552$b40$c20220214$lBLL01$h1209
=CAT  \\$a14586$b40$c20220316$lBLL01$h1636
=CFI  0\$aCurrent copyright fee: zero$c5\1$e08-jul-2020$fGBP0.00$g0$hP$5Uk
=EST  \\$a1
=FFP  \\$aY$bBLDSS-3PM
=FIN  \\$aY$d20220204
=MNI  \\$a2666-4968
=TOC  \\$aETOC
=LAS  \\$a14586$b40$c20220316$lBLL01$h1636

