=LDR  02465cas a2200673 i 4500
=001  019833500
=003  Uk
=005  20201015085752.0
=006  m\\\\\\\\d\\\\\\\\
=007  cr\|||||||||||
=008  200707c20209999enkqr\p\s\\\\\0\\\a0eng\\
=FMT  \\$a  SE
=015  \\$aGBC0D6989$2bnb
=022  \\$a2666-1659
=037  \\$aISSN_26661659_8$bPortico$nElsevier
=040  \\$aUk$beng$cUk$erda
=042  \\$aukblsr
=082  04$a624.05$223
=222  \0$aDevelopments in the built environment
=245  00$aDevelopments in the built environment.
=264  \1$aOxford :$bElsevier,$c2020-
=300  \\$billustrations (colour)
=310  \\$aQuarterly
=336  \\$atext$2rdacontent
=337  \\$acomputer$2rdamedia
=338  \\$aonline resource$2rdacarrier
=362  0\$avolume 1 (February 2020)-
=500  \\$aTitle from PDF header (ScienceDirect, viewed September 9, 2020).
=588  \\$aLatest issue consulted: volume 3 (August 2020) (viewed September 9, 2020).
=515  \\$aArticles added, as accepted, to current quarterly issue.
=538  \\$aMode of access: World Wide Web.
=540  \\$aCurrent copyright fee: zero$c5\1$5Uk
=650  \0$aCivil engineering$vPeriodicals.
=650  \0$aSustainable construction$vPeriodicals.
=856  40$uhttps://www.sciencedirect.com/journal/Developments-in-the-Built-Environment
=856  4\$31850-9999$uhttp://www.sciencedirect.com/$xBLDSS
=859  \\$aELD$bejournal
=852  41$aBritish Library$bHMNTS$jELD Digital store$3Volume 1(2020)-
=945  \\$aDevelopments in the built environment
=979  \\$aBritish Library$bDSC$j3579.068800N
=985  \\$aCatalogued via VPN, September 2020
=CAT  \\$a12654$b40$c20200707$lBLL01$h0925
=CAT  \\$a12654$b40$c20200715$lBLL01$h0741
=CAT  \\$aBLDSS-3PM$b00$c20200717$lBLL01$h1045
=CAT  \\$aBATCH-UPD$b00$c20200717$lBLL01$h1048
=CAT  \\$a5410$b40$c20200723$lBLL01$h0012
=CAT  \\$a5410$b40$c20200811$lBLL01$h0000
=CAT  \\$a8124$b40$c20200909$lBLL01$h1154
=CAT  \\$a8124$b40$c20200909$lBLL01$h1155
=CAT  \\$a14412$b40$c20200924$lBLL01$h0821
=CAT  \\$a14412$b40$c20201015$lBLL01$h0857
=CFI  0\$aCurrent copyright fee: zero$c5\1$e07-jul-2020$fGBP0.00$g0$hP$5Uk
=EST  \\$a1
=FFP  \\$aY$bBLDSS-3PM
=FIN  \\$aY$d20200909
=LET  \0$aDevelopments in the built environment (Electronic)
=MNI  \\$a2666-1659
=TOC  \\$aETOC
=LAS  \\$a14412$b40$c20201015$lBLL01$h0857

