=LDR  03066cas a2200733 i 4500
=001  020196967
=003  Uk
=005  20220324141004.0
=006  m\\\\\o\\d\\\\\\\\
=007  cr\|||||||||||
=008  201216c20209999enkfr\pso\\\\\0\\\a0eng\c
=FMT  \\$a  SE
=010  \\$a  2021240829
=016  7\$a3064253-X$2DE-600
=022  \\$a2666-9579
=035  \\$a(OCoLC)1229540683$z(OCoLC)1241795339$z(OCoLC)1244744582$z(OCoLC)1287283991$z(OCoLC)1287867739
=037  \\$aISSN_26669579_8$bPortico$nElsevier
=040  \\$aLVT$beng$cLVT$dEZC$dCUS$dOCLCO$dVT2$dOCLCF$dCOD$dOCLCO$dSOE$dOCL$dUk$erda$epn
=042  \\$aukblsr
=050  \4$aG155.7$b.A56
=082  04$a306.4819$223
=222  \0$aAnnals of tourism research empirical insights
=245  00$aAnnals of tourism research empirical insights.
=264  \1$a[Oxford] :$bElsevier Ltd.,$c2020-
=300  \\$a1 online resource
=310  \\$aSemiannual
=336  \\$atext$2rdacontent
=337  \\$acomputer$2rdamedia
=338  \\$aonline resource$2rdacarrier
=362  1\$aBegan with volume 1, issue 1 (November 2020).
=540  \\$aCurrent copyright fee: zero$c5\1$5Uk
=506  0\$fUnrestricted online access.$2star
=515  \\$aArticles published as they become available and compiled into semi-annual issues.
=588  0\$aVolume 1, issue 1 (November 2020); title from PDF caption (ScienceDirect website, viewed Sept. 22, 2021).
=588  1\$aVolume 2, issue 2 (November 2021) (viewed Sept. 22, 2021).
=650  \0$aTourism$xResearch$vPeriodicals.
=650  \7$aTourism$xResearch.$2fast$0(OCoLC)fst01153199
=655  \0$aElectronic journals.
=655  \7$aPeriodicals.$2fast$0(OCoLC)fst01411641
=690  7\$aSocial Welfare$2blcoll
=787  08$iCompanion to:$tAnnals of tourism research$x1873-7722
=859  \\$aELD$bejournal
=856  \\$31850-9999$uhttp://www.sciencedirect.com/$xBLDSS
=856  40$uhttps://www.journals.elsevier.com/annals-of-tourism-research-empirical-insights
=856  40$uhttp://search.ebscohost.com/login.aspx?direct=true&site=edspub-live&scope=site&type=44&db=edspub&authtype=ip,guest&custid=ns011247&groupid=main&profile=eds&bquery=AN%2026631080
=856  40$uhttp://www.sciencedirect.com/science/journal/2666-9579
=852  41$aBritish Library$bHMNTS$jELD Digital store$3Volume 1:Issue1(2020)-
=945  \\$aAnnals of tourism research empirical insights
=979  \\$aBritish Library$bDSS$j1044.800500N
=CAT  \\$a15020$b40$c20210519$lBLL01$h1417
=CAT  \\$a15020$b40$c20210519$lBLL01$h1418
=CAT  \\$a5552$b40$c20211221$lBLL01$h1419
=CAT  \\$aBLDSS-3PM$b00$c20211229$lBLL01$h0926
=CAT  \\$aBATCH-UPD$b00$c20211229$lBLL01$h0927
=CAT  \\$a10806$b40$c20220204$lBLL01$h0826
=CAT  \\$aBATCH-SWP$c20220211$lBLL01$h2222
=CAT  \\$a11033$b40$c20220324$lBLL01$h1410
=CFI  0\$aCurrent copyright fee: zero$c5\1$e21-dec-2021$fGBP0.00$g0$hP$5Uk
=EST  \\$a1
=FFP  \\$aY$bBLDSS-3PM
=FIN  \\$aY$d20220204
=SID  \\$aZ39$bOCLC
=TOC  \\$aETOC
=LAS  \\$a11033$b40$c20220324$lBLL01$h1410

