=LDR  02637cas a2200661 i 4500
=001  020464821
=003  Uk
=005  20220920093116.0
=006  m\\\\\|\\d\|\\\\\\
=007  cr\|||||||||||
=008  220121c20219999xxubr\p\o\\\\\0\\\a0eng\\
=FMT  \\$a  SE
=022  \\$a2694-5746
=037  \\$aISSN_26945746_2$bPortico$nWiley
=040  \\$aUk$beng$cUk$erda
=042  \\$aukblsr
=082  04$a616.81$223
=222  \0$aStroke: vascular and interventional neurology
=245  00$aStroke: vascular and interventional neurology
=264  \1$a[Hoboken, NJ] :$bPublished on behalf of the American Heart Association, and the Society of Vascular and Interventional Neurology by Wiley Periodicals
=300  \\$billustrations (black and white, and colour)
=310  \\$aBimonthly
=336  \\$atext$2rdacontent
=337  \\$acomputer$2rdamedia
=338  \\$aonline resource$2rdacarrier
=362  0\$aVolume 1, issue 1 (November 2021)-
=500  \\$aTitle from journal homepage (AHA website, viewed September 20, 2022).
=588  \\$aLatest issue consulted: volume 2, issue 5 (September 2022), viewed September 20, 2022.
=538  \\$aMode of access: World Wide Web.
=540  \\$aCurrent copyright fee: zero$c35\0$5Uk
=650  \0$aCerebrovascular disease$vPeriodicals.
=650  \0$aNervous system$xDiseases$vPeriodicals.
=710  2\$aAmerican Heart Association,$eissuing body.
=710  2\$aSociety of Vascular and Interventional Neurology,$eissuing body.
=859  \\$aELD$bejournal
=856  \\$31850-9999$uhttp://onlinelibrary.wiley.com/$xBLDSS
=856  40$uhttps://www.ahajournals.org/journal/svin
=856  40$uhttps://onlinelibrary.wiley.com/journal/26945746
=852  41$aBritish Library$bHMNTS$jELD Digital store$3Volume 1:Issue 1(2021)-
=945  \\$aStroke vascular and interventional neurology
=979  \\$aBritish Library$bDSC$j8474.901680N
=CAT  \\$a9667$b40$c20220121$lBLL01$h1348
=CAT  \\$a9667$b40$c20220121$lBLL01$h1351
=CAT  \\$a9667$b40$c20220127$lBLL01$h1143
=CAT  \\$a5552$b40$c20220214$lBLL01$h1208
=CAT  \\$aBATCH-UNOA$c20220216$lBLL01$h0044
=CAT  \\$aBLDSS-3PM$b00$c20220223$lBLL01$h0825
=CAT  \\$aBATCH-UPD$b00$c20220223$lBLL01$h0825
=CAT  \\$a14586$b40$c20220729$lBLL01$h1635
=CAT  \\$a8483$b40$c20220920$lBLL01$h0931
=CFI  0\$aCurrent copyright fee: zero$c35\0$e14-feb-2022$fGBP0.00$g0$hP$5Uk
=EST  \\$a1
=FFP  \\$aY$bBLDSS-3PM
=FIN  \\$aY$d20220920
=LET  \0$aStroke: vascular and interventional neurology (Electronic)
=TOC  \\$aETOC
=UNO  \\$aY
=LAS  \\$a8483$b40$c20220920$lBLL01$h0931

