=LDR  02453cas a2200673 i 4500
=001  020521603
=003  Uk
=005  20231011154252.0
=006  m\\\\\\\\d\\\\\\\\
=007  cr\|||||||||||
=008  220317c20239999enkz|\p\s\\\\\0\\\a0eng\\
=FMT  \\$a  SE
=015  \\$aGBC3J7569$2bnb
=022  \\$a2772-610X
=037  \\$aISSN_2772610X_8$bPortico$nElsevier
=040  \\$aUk$beng$cUk$erda
=042  \\$aukblsr
=082  04$a618.92994$223
=222  \0$aEJC paediatric oncology
=245  00$aEJC paediatric oncology.
=246  3\$aEuropean journal of cancer paediatric oncology
=264  \1$aOxford :$bElsevier,$c2023-
=300  \\$billustrations (black and white, and colour)
=336  \\$atext$2rdacontent
=337  \\$acomputer$2rdamedia
=338  \\$aonline resource$2rdacarrier
=362  0\$aVolume 1 (2023)-
=515  \\$aArticles added, as accepted, to current volume.
=500  \\$aTitle from PDF article header (ScienceDirect, viewed October 11, 2023).
=588  \\$aLatest issue consulted: volume 2 (2023) (viewed October 11, 2023).
=538  \\$aMode of access: World Wide Web.
=540  \\$aCurrent copyright fee: zero$c5\1$5Uk
=650  \7$aCancer in children.$2fast$0(OCoLC)fst00845581
=650  \7$aOncology.$2fast$0(OCoLC)f
=655  \7$aPeriodicals.$2fast$0(OCoLC)fst01411641
=856  4\$31850-9999$uhttp://www.sciencedirect.com/$xBLDSS
=856  40$uhttps://www.sciencedirect.com/journal/ejc-paediatric-oncology
=859  \\$aELD$bejournal
=852  41$aBritish Library$bHMNTS$jELD Digital store$3Volume 1(2023)-
=945  \\$aEJC Paediatric Oncology
=979  \\$aBritish Library$bDSC$j3668.414800N
=985  \\$aWFH record (CS) 2023
=CAT  \\$a12654$b40$c20220317$lBLL01$h0843
=CAT  \\$aBLDSS-3PM$b00$c20220323$lBLL01$h0920
=CAT  \\$aBATCH-UPD$b00$c20220323$lBLL01$h0923
=CAT  \\$a5410$b40$c20220329$lBLL01$h1436
=CAT  \\$a10806$b40$c20220329$lBLL01$h1444
=CAT  \\$a10806$b40$c20220329$lBLL01$h1445
=CAT  \\$a11450$b40$c20230131$lBLL01$h0857
=CAT  \\$a15731$b40$c20230329$lBLL01$h1049
=CAT  \\$a8124$b40$c20231011$lBLL01$h1541
=CAT  \\$a8124$b40$c20231011$lBLL01$h1542
=CFI  0\$aCurrent copyright fee: zero$c5\1$e17-mar-2022$fGBP0.00$g0$hP$5Uk
=EST  \\$a1
=FFP  \\$aY$bBLDSS-3PM
=FIN  \\$aY$d20231011
=LET  \0$aEJC Paediatric Oncology (Electronic)
=TOC  \\$aETOC
=LAS  \\$a8124$b40$c20231011$lBLL01$h1542

