=LDR  02852cas a2200757 i 4500
=001  016869833
=003  Uk
=005  20221229135651.0
=006  m\\\\\\\\d\|\\\\\\
=007  cr||||||||||||
=008  140917c20169999enkqr\p\o\\\\\0\\\a0eng\\
=FMT  \\$a  SE
=015  \\$aGBB668516$2bnb
=022  0\$a2056-9440$202
=037  \\$aIJC$bInderscience
=040  \\$aUk$beng$cUk$erda
=042  \\$aissnuk$aukblsr
=082  04$a338.9$223
=210  0\$aInt. j. compet.$b(Online)
=222  \0$aInternational journal of competitiveness$b(Online)
=245  00$aInternational journal of competitiveness.
=264  \1$a[Olney, Buckinghamshire] :$bInderscience Publishers,$c2016-
=310  \\$aQuarterly
=336  \\$atext$2rdacontent
=337  \\$acomputer$2rdamedia
=338  \\$aonline resource$2rdacarrier
=362  0\$aVol. 1, no. 1 (2016)-
=500  \\$aTitle from journal homepage (Inderscience website, viewed May 20, 2016).
=540  \\$aCurrent copyright fee: GBP28.00$c48\0$5Uk
=650  \0$aCompetition$xGovernment policy$vPeriodicals.
=650  \0$aEconomic development$vPeriodicals.
=650  \0$aCompetition$vPeriodicals.
=650  \0$aIndustrial promotion$vPeriodicals.
=690  7\$aManagement and Business Studies$2blcoll
=776  08$iAlso issued in print as:$aInternational journal of competitiveness$x2056-9432
=859  \\$aELD$bejournal
=856  \\$31850-9999$uhttp://www.inderscience.com/$xBLDSS
=856  40$uhttp://www.inderscience.com/jhome.php?jcode=ijc
=852  41$aBritish Library$bHMNTS$jELD Digital store$3Volume 1:Number 1(2016)-***Previous issues available in print copy
=945  \\$aInternational journal of competitiveness
=979  \\$aBritish Library$bDSC$j4542.173030N
=CAT  \\$a11313$b40$c20140917$lBLL01$h1055
=CAT  \\$a8411$b40$c20141215$lBLL01$h0928
=CAT  \\$a8411$b40$c20141215$lBLL01$h0936
=CAT  \\$a10806$b40$c20160520$lBLL01$h0846
=CAT  \\$a10806$b40$c20160520$lBLL01$h0851
=CAT  \\$aBATCH-MBS$c20160527$lBLL01$h2052
=CAT  \\$a5552$b40$c20160609$lBLL01$h1442
=CAT  \\$aBLDSS-3PM$b00$c20160616$lBLL01$h1558
=CAT  \\$aBATCH-UPD$b00$c20160616$lBLL01$h1559
=CAT  \\$a5997$b40$c20160720$lBLL01$h0742
=CAT  \\$aW1610-0943$c20161017$lBLL01$h0904
=CAT  \\$aW1711-1005$c20171206$lBLL01$h1827
=CAT  \\$a8055$b40$c20221213$lBLL01$h1241
=CAT  \\$a5410$b40$c20221221$lBLL01$h0824
=CAT  \\$a5410$b40$c20221221$lBLL01$h0825
=CAT  \\$a5410$b40$c20221229$lBLL01$h1356
=CFI  0\$aCurrent copyright fee: GBP28.00$c48\0$e09-jun-2016$fGBP28.00$g0$hP$5Uk
=EST  \\$a1
=FFP  \\$aY$bBLDSS-3PM
=FIN  \\$aY$d20160520
=LET  \0$aInternational journal of competitiveness (Electronic)
=MNI  \\$a2056-9432
=TOC  \\$aETOC
=UNO  \\$aY
=LAS  \\$a5410$b40$c20221229$lBLL01$h1356

