=LDR  04468cas a2201009 a 4500
=001  014763543
=003  Uk
=005  20200813134941.0
=006  m\\\\\o\\d\\\\\\\\
=007  cr\|||||||||||
=008  110511c20119999njubr\p\o\\\\\0\\\a0eng\c
=FMT  \\$a  SE
=010  \\$a2011204483
=015  \\$aGBB350837$2bnb
=022  0\$a1759-0884$l1759-0884$21
=035  \\$a(OCoLC)722428963
=037  \\$aISSN_17590876$bPortico$nWiley
=040  \\$aCGU$beng$cCGU$dDLC$dUk
=042  \\$ansdp$aukblsr
=082  04$a541.220285$223
=210  0\$aWiley interdiscip. rev., Comput. mol. sci.$b(Online)
=222  \0$aWiley interdisciplinary reviews. Computational molecular science$b(Online)
=245  00$aWiley interdisciplinary reviews.$pWIREs computational molecular science$h[electronic resource].
=246  17$aWIREs computational molecular science
=246  3\$aComputational molecular science
=260  \\$aHoboken, N.J. :$bWiley
=310  \\$aBimonthly
=336  \\$atext$2rdacontent
=337  \\$acomputer$2rdamedia
=338  \\$aonline resource$2rdacarrier
=362  1\$aBegan with vol. 1, issue 1 (Jan/Feb. 2011).
=588  \\$aDescription based: Vol. 1, issue 1 (Jan/Feb. 2011); title from journal homepage (Wiley InterScience Web site, viewed March 17, 2011).
=588  \\$aLatest issue consulted: Vol. 2, issue 3 (May/June 2012) viewed Apr. 24, 2012.
=540  \\$aCurrent Copyright Fee: GBP46.00$c35\0$5Uk
=650  \0$aChemistry, Physical and theoretical$vPeriodicals.
=650  \0$aCheminformatics$vPeriodicals.
=650  \0$aBiochemistry$vPeriodicals.
=776  0\$tWiley interdisciplinary reviews. Computational molecular science$x1759-0876
=776  08$iPrint version:$tWiley interdisciplinary reviews. Computational molecular science$x1759-0876
=859  \\$aELD$bejournal
=856  \\$31850-9999$uhttp://onlinelibrary.wiley.com/$xBLDSS
=856  40$uhttp://onlinelibrary.wiley.com/journal/10.1111/%28ISSN%291759-0884
=852  41$aBritish Library$bSTI$jELD Digital store$3Volume 3:Number 1(2013:Jan./Feb.)-***Previous issues available in print copy
=945  \\$aWiley interdisciplinary reviews computational molecular science
=979  \\$aBritish Library$bDSC$j9317.862403
=985  \\$aISSN responsibility transferred to US ISSN Centre from ISSN UK Centre, 18.05.2011
=CAT  \\$a6537$b40$c20080929$lBLL01$h1021
=CAT  \\$a8464$b40$c20120405$lBLL01$h1155
=CAT  \\$a8483$b40$c20120424$lBLL01$h1007
=CAT  \\$a8483$b40$c20120424$lBLL01$h1010
=CAT  \\$a8874$b40$c20130524$lBLL01$h0724
=CAT  \\$aWR13.114$c20130717$lBLL01$h1314
=CAT  \\$a12654$b40$c20130730$lBLL01$h1228
=CAT  \\$a12654$b40$c20130730$lBLL01$h1230
=CAT  \\$aBATCH-PORT$c20130829$lBLL01$h1114
=CAT  \\$aWR14_009$c20140204$lBLL01$h2343
=CAT  \\$aBLDSS-3PM$b00$c20141214$lBLL01$h1525
=CAT  \\$aBATCH-UPD$b00$c20150215$lBLL01$h1701
=CAT  \\$aIPL-CLA$c20150228$lBLL01$h2054
=CAT  \\$aBATCH-UPD$b00$c20160520$lBLL01$h1710
=CAT  \\$a5552$b40$c20170209$lBLL01$h1425
=CAT  \\$aW1711-1005$c20171206$lBLL01$h1821
=CAT  \\$aBATCH-UPD$b00$c20180219$lBLL01$h1753
=CAT  \\$a5410$b40$c20180327$lBLL01$h1103
=CAT  \\$aBATCH-UPD$b40$c20181121$lBLL01$h1625
=CAT  \\$aIPL-CLA$c20181231$lBLL01$h1548
=CAT  \\$aR1911-0245$c20191127$lBLL01$h1015
=CAT  \\$aR1911-0245$c20191127$lBLL01$h1031
=CAT  \\$aR1911-0245$c20191127$lBLL01$h1034
=CAT  \\$a5410$b40$c20191212$lBLL01$h1220
=CAT  \\$aIPL-CLA$c20191231$lBLL01$h2007
=CAT  \\$a5552$b40$c20200813$lBLL01$h1349
=CFI  0\$aCurrent Copyright Fee: GBP46.00$c35\0$e01-jan-2020$fGBP46.00$g0$hP$5Uk
=CFI  2\$aPrevious copyright fee: GBP28.00$c35\0$e01-jan-2019$fGBP28.00$g0$hP$5Uk
=EST  \\$a1
=FFP  \\$aY$bBLDSS-3PM
=FIN  \\$aY$d20110601
=LET  \0$aWiley interdisciplinary reviews. Computational molecular science (Online)
=LKR  \\$aPAR$b014763544$lBLL01$r776$mWiley interdisciplinary reviews. Computational molecular science (Online)$nWiley interdisciplinary reviews. Computational molecular science (Print)
=MNI  \\$a1759-0876
=SID  \\$aZ39$bOCLC
=TCO  \\$aTRS$bCCC$c008
=TOC  \\$aETOC
=UNO  \\$aY
=ACF  \\$aPrevious copyright fee: GBP22.00$c35\0$e05-apr-2012$fGBP22.00$g0$hP$5Uk
=ACF  \\$aPrevious copyright fee: GBP24.00$c35\0$e01-mar-2015$fGBP24.00$g0$hP$5Uk
=LAS  \\$a5552$b40$c20200813$lBLL01$h1349

