=LDR  02214cas a2200613 i 4500
=001  020820211
=003  Uk
=005  20231016140757.0
=006  m\\\\\\\\d\\\\\\\\
=007  cr\|||||||||||
=008  221124c20229999gw\mr\p\s\\\\\0\\\a0eng\\
=FMT  \\$a  SE
=015  \\$aGBC3J7859$2bnb
=022  \\$a2751-1219
=037  \\$aISSN_27511219_2$bPortico$nWiley
=040  \\$aUk$beng$cUk$dUk$erda
=042  \\$aukblsr
=082  04$a681.2$223
=210  0\$aAdv. Sensor Res.
=222  \0$aAdvanced sensor research.
=245  00$aAdvanced sensor research.
=264  \1$aWeinheim :$bWiley-GmbH,$c2022-
=310  \\$aMonthly
=336  \\$atext$2rdacontent
=337  \\$acomputer$2rdamedia
=338  \\$aonline resource$2rdacarrier
=362  0\$aVolume 1, issue 1 (December 2022)-
=538  \\$aMode of access: World Wide Web.
=540  \\$aCurrent copyright fee: zero$c35\0$5Uk
=588  0\$aVolume 1, issue 1 (December 2022); title from table of contents page (Wiley Online Library website, viewed October 16, 2023).
=588  \\$aLatest issue consulted: volume 2, issue 10 (October 2023) (viewed October 16, 2023).
=650  \7$aBiosensors.$2fast$0(OCoLC)fst00832703
=650  \7$aIntelligent sensors.$2fast$0(OCoLC)fst01909729
=655  \7$aPeriodicals.$2fast$0(OCoLC)fst01411641
=859  \\$aELD$bejournal
=856  \\$31850-9999$uhttp://onlinelibrary.wiley.com/$xBLDSS
=856  40$uhttps://onlinelibrary.wiley.com/journal/27511219
=852  41$aBritish Library$bHMNTS$jELD Digital store$3Volume 1:Issue 1(2022)-
=945  \\$aADVANCED SENSORS RESEARCH
=979  \\$aBritish Library$bDSC$j0696.926990N
=CAT  \\$a12654$b40$c20221124$lBLL01$h0937
=CAT  \\$aBLDSS-3PM$b00$c20221128$lBLL01$h1509
=CAT  \\$aBATCH-UPD$b00$c20221128$lBLL01$h1509
=CAT  \\$aBATCH-UNOA$c20221130$lBLL01$h0127
=CAT  \\$a5410$b40$c20221208$lBLL01$h0857
=CAT  \\$a11450$b40$c20230222$lBLL01$h0905
=CAT  \\$a5110$b40$c20231016$lBLL01$h1407
=CFI  0\$aCurrent copyright fee: zero$c35\0$e24-nov-2022$fGBP0.00$g0$hP$5Uk
=EST  \\$a1
=FFP  \\$aY$bBLDSS-3PM
=FIN  \\$aY$d20231016
=TOC  \\$aETOC
=UNO  \\$aY
=LAS  \\$a5110$b40$c20231016$lBLL01$h1407

