=LDR  02422cas a2200637 i 4500
=001  020820215
=003  Uk
=005  20231016133150.0
=006  m\\\\\\\\d\\\\\\\\
=007  cr\|||||||||||
=008  221124c20239999njuqr\p\s\\\\\0\\\a0eng\\
=FMT  \\$a  SE
=015  \\$aGBC3J7856$2bnb
=022  \\$a2831-3267
=037  \\$aISSN_28313267_2$bPortico$nWiley
=040  \\$aUk$beng$cUk$dUk$erda
=042  \\$aukblsr
=082  04$a618.928$223
=210  0\$aAnn. Child. Neurol. Soc.
=222  \0$aAnnals of the Child Neurology Society.
=245  00$aAnnals of the Child Neurology Society.
=264  \1$a[Hoboken, New Jersey] :$bWiley Periodicals LLC on behalf of the Child Neurology Society,$c[2023]-
=310  \\$aQuarterly
=336  \\$atext$2rdacontent
=337  \\$acomputer$2rdamedia
=338  \\$aonline resource$2rdacarrier
=362  0\$aVolume 1, issue 1 (March 2023)-
=538  \\$aMode of access: World Wide Web.
=540  \\$aCurrent copyright fee: zero$c35\0$5Uk
=588  0\$aVolume 1, issue 1 (March 2023); title from table of contents page (Wiley Online Library website, viewed October 16, 2023).
=588  \\$aLatest issue consulted: volume 1, issue 3 (September 2023) (viewed October 16, 2023).
=650  \7$aPediatric neurology.$2fast$0(OCoLC)fst01056441
=655  \7$aPeriodicals.$2fast$0(OCoLC)fst01411641
=710  2\$aChild Neurology Society,$eissuing body.
=859  \\$aELD$bejournal
=856  \\$31850-9999$uhttp://onlinelibrary.wiley.com/$xBLDSS
=856  40$uhttps://onlinelibrary.wiley.com/journal/28313267
=852  41$aBritish Library$bHMNTS$jELD Digital store$3Volume 1:Issue 1(2023)-
=945  \\$aANNALS OF CHILD NEUROLOGY SOCIETY
=979  \\$aBritish Library$bDSC$j1040.234600N
=CAT  \\$a12654$b40$c20221124$lBLL01$h0940
=CAT  \\$aBLDSS-3PM$b00$c20221128$lBLL01$h1509
=CAT  \\$aBATCH-UPD$b00$c20221128$lBLL01$h1509
=CAT  \\$aBATCH-UNOA$c20221130$lBLL01$h0127
=CAT  \\$a5410$b40$c20221208$lBLL01$h0901
=CAT  \\$a11450$b40$c20230222$lBLL01$h0913
=CAT  \\$a14586$b40$c20230301$lBLL01$h1646
=CAT  \\$a14586$b40$c20230301$lBLL01$h1648
=CAT  \\$a5110$b40$c20231016$lBLL01$h1331
=CFI  0\$aCurrent copyright fee: zero$c35\0$e24-nov-2022$fGBP0.00$g0$hP$5Uk
=EST  \\$a1
=FFP  \\$aY$bBLDSS-3PM
=FIN  \\$aY$d20231016
=TOC  \\$aETOC
=UNO  \\$aY
=LAS  \\$a5110$b40$c20231016$lBLL01$h1331

