=LDR  02571cas a2200661 i 4500
=001  020820225
=003  Uk
=005  20231016133220.0
=006  m\\\\\\\\d\\\\\\\\
=007  cr\|||||||||||
=008  221124c20229999at\qr\p\s\\\\\0\\\a0eng\\
=FMT  \\$a  SE
=015  \\$aGBC3J7857$2bnb
=022  \\$a2770-9329
=037  \\$aISSN_27709329_2$bPortico$nWiley
=040  \\$aUk$beng$cUk$dUk$erda
=041  0\$aeng$bchi
=042  \\$aukblsr
=082  04$a639.9$223
=210  0\$aIntegr.conserv.
=222  \0$aIntegrative conservation.
=245  00$aIntegrative conservation.
=264  \1$a[Milton, Australia] :$bWiley on behalf of the Xishuangbanna Tropical Botanical Garden (XTBG),$c2022-
=310  \\$aQuarterly
=336  \\$atext$2rdacontent
=337  \\$acomputer$2rdamedia
=338  \\$aonline resource$2rdacarrier
=362  0\$aVolume 1, issue 1 (December 2022)-
=515  \\$aArticles published on an ongoing basis and organized into quarterly issues.
=538  \\$aMode of access: World Wide Web.
=540  \\$aCurrent copyright fee: zero$c35\0$5Uk
=546  \\$aArticles published in English, with Chinese abstracts.
=588  0\$aVolume 1, issue 1 (December 2022); title from table of contents page (Wiley Online Library website, viewed October 16, 2023).
=588  \\$aLatest issue consulted: volume 2, issue 2 (June 2023) (viewed October 16, 2023).
=650  \7$aBiodiversity conservation.$2fast$0(OCoLC)fst01429861
=655  \7$aPeriodicals.$2fast$0(OCoLC)fst01411641
=710  2\$aSoutheast Asia Biodiversity Research Institute,$eissuing body.
=710  2\$aXishuangbanna Tropical Botanical Garden,$eissuing body.
=859  \\$aELD$bejournal
=856  \\$31850-9999$uhttp://onlinelibrary.wiley.com/$xBLDSS
=856  40$uhttps://onlinelibrary.wiley.com/journal/27709329
=852  41$aBritish Library$bHMNTS$jELD Digital store$3Volume 1:Issue 1(2022)-
=945  \\$aINTEGRATIVE CONSERVATION
=979  \\$aBritish Library$bDSC$j4531.816573N
=CAT  \\$a12654$b40$c20221124$lBLL01$h0957
=CAT  \\$aBLDSS-3PM$b00$c20221128$lBLL01$h1509
=CAT  \\$aBATCH-UPD$b00$c20221128$lBLL01$h1509
=CAT  \\$aBATCH-UNOA$c20221130$lBLL01$h0127
=CAT  \\$a5410$b40$c20221208$lBLL01$h0920
=CAT  \\$a15020$b40$c20230221$lBLL01$h1203
=CAT  \\$a5110$b40$c20231016$lBLL01$h1332
=CFI  0\$aCurrent copyright fee: zero$c35\0$e24-nov-2022$fGBP0.00$g0$hP$5Uk
=EST  \\$a1
=FFP  \\$aY$bBLDSS-3PM
=FIN  \\$aY$d20231016
=TOC  \\$aETOC
=UNO  \\$aY
=LAS  \\$a5110$b40$c20231016$lBLL01$h1332

