=LDR  02245cas a2200601 i 4500
=001  020820247
=003  Uk
=005  20231017102029.0
=006  m\\\\\\\\d\\\\\\\\
=007  cr\|||||||||||
=008  221124c20239999gw\qr\p\s\\\\\0\\\a0eng\\
=FMT  \\$a  SE
=015  \\$aGBC3K0042$2bnb
=022  \\$a2832-6245
=037  \\$aISSN_28326245_2$bPortico$nWiley
=040  \\$aUk$beng$cUk$dUk$erda
=082  04$a610.285$223
=222  \0$aInterdisciplinary medicine.$b(Online)
=245  00$aInterdisciplinary medicine.
=264  \1$a[Weinheim] :$b[Wiley-VCH GmbH],$c2023-
=336  \\$atext$2rdacontent
=337  \\$acomputer$2rdamedia
=338  \\$aonline resource$2rdacarrier
=362  0\$aVolume 1, issue 1 (January 2023)-
=538  \\$aMode of access: World Wide Web.
=540  \\$aCurrent copyright fee: zero$c35\0$5Uk
=588  0\$aVolume 1, issue 1 (January 2023); title from table of contents page (Wiley Online Library website, viewed October 17, 2023).
=588  \\$aLatest issue consulted: volume 1, issue 3 (July 2023) (viewed October 17, 2023).
=650  \7$aMedicine$xResearch.$2fast$0(OCoLC)fst01015059
=655  \7$aPeriodicals.$2fast$0(OCoLC)fst01411641
=859  \\$aELD$bejournal
=856  \\$31850-9999$uhttp://onlinelibrary.wiley.com/$xBLDSS
=856  40$uhttps://onlinelibrary.wiley.com/journal/28326245
=852  41$aBritish Library$bHMNTS$jELD Digital store$3Volume 1:Issue 1(2023)-
=945  \\$aINTERDISCIPLINARY MEDICINE
=979  \\$aBritish Library$bDSC$j4478.244560N
=CAT  \\$a12654$b40$c20221124$lBLL01$h1041
=CAT  \\$a12654$b40$c20221124$lBLL01$h1042
=CAT  \\$aBLDSS-3PM$b00$c20221128$lBLL01$h1509
=CAT  \\$aBATCH-UPD$b00$c20221128$lBLL01$h1509
=CAT  \\$aBATCH-UNOA$c20221130$lBLL01$h0127
=CAT  \\$a5410$b40$c20221208$lBLL01$h0914
=CAT  \\$a15020$b40$c20230221$lBLL01$h1246
=CAT  \\$a15020$b40$c20230221$lBLL01$h1247
=CAT  \\$a14586$b40$c20230301$lBLL01$h1645
=CAT  \\$a5110$b40$c20231017$lBLL01$h1020
=CFI  0\$aCurrent copyright fee: zero$c35\0$e24-nov-2022$fGBP0.00$g0$hP$5Uk
=EST  \\$a1
=FFP  \\$aY$bBLDSS-3PM
=FIN  \\$aY$d20231017
=TOC  \\$aETOC
=UNO  \\$aY
=LAS  \\$a5110$b40$c20231017$lBLL01$h1020

