=LDR  02054cas a2200589 i 4500
=001  020820259
=003  Uk
=005  20231017114756.0
=006  m\\\\\\\\d\\\\\\\\
=007  cr\|||||||||||
=008  221124c20239999gw\qr\p\s\\\\\0\\\a0eng\\
=FMT  \\$a  SE
=015  \\$aGBC3K0054$2bnb
=022  \\$a2751-4102
=037  \\$aISSN_27514102_2$bPortico$nWiley
=040  \\$aUk$beng$cUk$dUk$erda
=042  \\$aukblsr
=082  04$a630$223
=222  \0$aModern agriculture$b(Weinheim)
=245  00$aModern agriculture.
=246  13$aMODA
=264  \1$a[Weinheim] :$bWiley-VCH GmbH,$c2023-
=336  \\$atext$2rdacontent
=337  \\$acomputer$2rdamedia
=338  \\$aonline resource$2rdacarrier
=362  0\$aVolume 1, issue 1 (March 2023)-
=538  \\$aMode of access: World Wide Web.
=540  \\$aCurrent copyright fee: zero$c35\0$5Uk
=588  0\$aVolume 1, issue 1 (March 2023); title from table of contents page (Wiley Online Library website, viewed October 17, 2023).
=650  \7$aAgriculture.$2fast$0(OCoLC)fst00801355
=655  \7$aPeriodicals.$2fast$0(OCoLC)fst01411641
=859  \\$aELD$bejournal
=856  \\$31850-9999$uhttp://onlinelibrary.wiley.com/$xBLDSS
=856  40$uhttps://onlinelibrary.wiley.com/journal/27514102
=852  41$aBritish Library$bHMNTS$jELD Digital store$3Volume 1 Issue 1(2023)-
=945  \\$aMODERN AGRICULTURE
=979  \\$aBritish Library$bDSC$j5883.565500N
=CAT  \\$a12654$b40$c20221124$lBLL01$h1054
=CAT  \\$aBLDSS-3PM$b00$c20221128$lBLL01$h1509
=CAT  \\$aBATCH-UPD$b00$c20221128$lBLL01$h1509
=CAT  \\$aBATCH-UNOA$c20221130$lBLL01$h0127
=CAT  \\$a5410$b40$c20221208$lBLL01$h0923
=CAT  \\$a15020$b40$c20230221$lBLL01$h1341
=CAT  \\$a14586$b40$c20230301$lBLL01$h1645
=CAT  \\$a5110$b40$c20231017$lBLL01$h1147
=CFI  0\$aCurrent copyright fee: zero$c35\0$e24-nov-2022$fGBP0.00$g0$hP$5Uk
=EST  \\$a1
=FFP  \\$aY$bBLDSS-3PM
=FIN  \\$aY$d20231017
=TOC  \\$aETOC
=UNO  \\$aY
=LAS  \\$a5110$b40$c20231017$lBLL01$h1147

