=LDR  02237cas a2200637 i 4500
=001  020820263
=003  Uk
=005  20231017132633.0
=006  m\\\\\\\\d\\\\\\\\
=007  cr\|||||||||||
=008  221124c20239999njuqr\j\s\\\\\0\\\a0eng\\
=FMT  \\$a  SE
=022  \\$a2832-3556
=037  \\$aISSN_28323556_2$bPortico$nWiley
=040  \\$aUk$beng$cUk$erda
=042  \\$aukblsr
=082  04$a572.6072$223
=222  \0$aProteoglycan research
=245  00$aProteoglycan research.
=264  \1$a[Hoboken New Jersey] :$bWiley Periodicals LLC.,$c2023-
=310  \\$aQuarterly
=336  \\$atext$2rdacontent
=337  \\$acomputer$2rdamedia
=338  \\$aonline resource$2rdacarrier
=362  0\$aVolume 1, issue 1 (January 2023)-
=500  \\$aTitle from table of contents page (Wiley Online Library, viewed October 17, 2023).
=538  \\$aMode of access: World Wide Web.
=540  \\$aCurrent copyright fee: zero$c35\0$5Uk
=650  \7$aProteoglycans$xResearch.$2fast$0(OCoLC)fst02062051
=655  \7$aPeriodicals.$2fast$0(OCoLC)fst01411641
=856  40$31850-9999$uhttp://onlinelibrary.wiley.com/$xBLDSS
=856  40$uhttps://onlinelibrary.wiley.com/loi/28323556
=859  \\$aELD$bejournal
=852  41$aBritish Library$bHMNTS$jELD Digital store$3Volume 1:Issue 1(2023)-
=945  \\$aProteoglycan research
=979  \\$aBritish Library$bDSC$j6936.177050N
=CAT  \\$a12654$b40$c20221124$lBLL01$h1057
=CAT  \\$aBLDSS-3PM$b00$c20221128$lBLL01$h1509
=CAT  \\$aBATCH-UPD$b00$c20221128$lBLL01$h1509
=CAT  \\$aBATCH-UNOA$c20221130$lBLL01$h0127
=CAT  \\$a5410$b40$c20221208$lBLL01$h1134
=CAT  \\$a5410$b40$c20221208$lBLL01$h1135
=CAT  \\$a15020$b40$c20230221$lBLL01$h1352
=CAT  \\$a14586$b40$c20230301$lBLL01$h1646
=CAT  \\$a8055$b40$c20230926$lBLL01$h1610
=CAT  \\$a8055$b40$c20230926$lBLL01$h1612
=CAT  \\$a11205$b40$c20231017$lBLL01$h1326
=CFI  0\$aCurrent copyright fee: zero$c35\0$e24-nov-2022$fGBP0.00$g0$hP$5Uk
=EST  \\$a1
=FFP  \\$aY$bBLDSS-3PM
=FIN  \\$aY$d20231017
=LET  \0$aProteoglycan research (Electronic)
=MNI  \\$a2832-3556
=TOC  \\$aETOC
=UNO  \\$aY
=LAS  \\$a11205$b40$c20231017$lBLL01$h1326

