=LDR  02815cas a2200745 i 4500
=001  020820266
=003  Uk
=005  20231017144752.0
=006  m\\\\\\\\d\\\\\\\\
=007  cr\|||||||||||
=008  221124c20229999gw\qr\j\s\\\\\0\\\a0eng\\
=FMT  \\$a  SE
=022  \\$a2750-4867
=037  \\$aISSN_27504867_2$bPortico$nWiley
=040  \\$aUk$beng$cUk$dUk$erda
=042  \\$aukblsr
=082  04$a551.483$223
=130  0\$aRiver (Weinheim an der Bergstrasse, Germany)
=222  \0$aRiver$b(Weinheim)
=245  10$aRiver.
=264  \1$a[Weinheim] :$bWiley-VCH GmbH on behalf of China Institute of Water Resources and Hydropower Research (IWHR),$c2022-
=310  \\$aQuarterly
=336  \\$atext$2rdacontent
=337  \\$acomputer$2rdamedia
=338  \\$aonline resource$2rdacarrier
=362  0\$aVolume 1, issue 1 (August 2022)-
=500  \\$aTitle from table of contents page (Wiley Online Library, viewed October 17, 2023).
=538  \\$aMode of access: World Wide Web.
=540  \\$aCurrent copyright fee: zero$c35\0$5Uk
=650  \7$aRivers.$2fast$0(OCoLC)fst01098312
=650  \7$aRiver engineering.$2fast$0(OCoLC)fst01098284
=650  \7$aRivers$xSocial aspects.$2fast$0(OCoLC)fst02062052
=650  \7$aRivers$xEnvironmental aspects.$2fast$0(OCoLC)fst01098320
=650  \7$aRivers$xEconomic aspects.$2fast$0(OCoLC)fst01098319
=650  \7$aRivers$xGovernment policy.$2fast$0(OCoLC)fst01098321
=650  \7$aHydrology.$2fast$0(OCoLC)fst00965147
=655  \7$aPeriodicals.$2fast$0(OCoLC)fst01411641
=710  2\$aChina Institute of Water Resources and Hydropower Research,$eissuing body.
=856  40$31850-9999$uhttp://onlinelibrary.wiley.com/$xBLDSS
=856  40$uhttps://onlinelibrary.wiley.com/loi/27504867
=859  \\$aELD$bejournal
=852  41$aBritish Library$bHMNTS$jELD Digital store$3Volume 1:Issue 1(2022)-
=945  \\$aRIVER -WILEY-
=979  \\$aBritish Library$bDSC$j7976.809000N
=985  \\$aAC: 710 = new.
=CAT  \\$a12654$b40$c20221124$lBLL01$h1100
=CAT  \\$a12654$b40$c20221128$lBLL01$h1219
=CAT  \\$aBLDSS-3PM$b00$c20221128$lBLL01$h1509
=CAT  \\$aBATCH-UPD$b00$c20221128$lBLL01$h1509
=CAT  \\$aBATCH-UNOA$c20221130$lBLL01$h0127
=CAT  \\$a5410$b40$c20221208$lBLL01$h1139
=CAT  \\$a15020$b40$c20230221$lBLL01$h1400
=CAT  \\$a15020$b40$c20230221$lBLL01$h1401
=CAT  \\$a11205$b40$c20231017$lBLL01$h1420
=CAT  \\$a11205$b40$c20231017$lBLL01$h1441
=CAT  \\$a11205$b40$c20231017$lBLL01$h1447
=CFI  0\$aCurrent copyright fee: zero$c35\0$e24-nov-2022$fGBP0.00$g0$hP$5Uk
=EST  \\$a1
=FFP  \\$aY$bBLDSS-3PM
=FIN  \\$aY$d20231017
=LET  \0$aRiver (Electronic)
=MNI  \\$a2750-4867
=TOC  \\$aETOC
=UNO  \\$aY
=LAS  \\$a11205$b40$c20231017$lBLL01$h1447

