=LDR  03861cas a2200865 i 4500
=001  020846241
=003  Uk
=005  20230505122110.0
=006  m\\\\\o\\d\\\\\\\\
=007  cr\|||||||||||
=008  210412c20219999ne\\x\joo\\\\\0\\\a0eng\\
=FMT  \\$a  SE
=010  \\$a  2021229614
=016  7\$a101775148$2DNLM
=022  \\$a2667-2421$l2667-2421
=035  \\$a(OCoLC)1245872623
=037  \\$aISSN_26672421_8$bPortico$nElsevier
=040  \\$aZ5A$beng$cZ5A$dZ5A$dNLM$dOCLCO$dOCLCA$dOCLCF$dOCLCO$dVT2$dOCLCQ$dUk$erda$epn
=042  \\$aukblsr
=060  00$aW1
=082  04$a616.8$223
=210  10$aIBRO Neurosci Rep$2dnlm
=222  \0$aIBRO neuroscience reports
=245  00$aIBRO neuroscience reports.
=246  1\$aInternational Brain Research Organisation neuroscience reports
=264  \1$a[Amsterdam] :$bElsevier B.V.,$c[2021]-
=300  \\$a1 online resource
=336  \\$atext$btxt$2rdacontent
=337  \\$acomputer$bc$2rdamedia
=338  \\$aonline resource$bcr$2rdacarrier
=362  1\$aBegan with Volume 10 (June 2021).
=515  \\$aArticles added, as accepted, to current semi-annual issue.
=595  \\$aContinues 4360.162050N.
=540  \\$aCurrent copyright fee: zero$c5\1$5Uk
=550  \\$aOfficial journal of the International Brain Research Organization.
=580  \\$aSister journal to: Neuroscience.
=520  \\$a"IBRO Neuroscience Reports is an Open Access journal which publishes papers describing the results of original research on any aspect of the scientific study of the nervous system. The journal welcomes preliminary, descriptive and small-scale results if they have the potential to stimulate and/or contribute to future research, leading to new insights or hypotheses. The primary criterion for acceptance is that the work is original, scientifically and technically sound, and valuable to the advancement of neuroscience research."--Publisher.
=588  0\$aVolume 10 (June 2021); title from journal homepage (ScienceDirect, viewed March 24, 2021).
=588  1\$aVolume 14 (June 2023) (viewed April 18, 2023).
=650  \0$aNeurosciences$vPeriodicals.
=650  12$aNeurosciences.
=650  12$aNervous System Diseases.
=650  22$aNervous System Physiological Phenomena.
=650  \7$aNeurosciences.$2fast$0(OCoLC)fst01036509
=655  \2$aPeriodical.
=655  \7$aPeriodicals.$2fast$0(OCoLC)fst01411641
=710  2\$aInternational Brain Research Organization,$eissuing body.
=780  00$tIBRO reports$x2451-8301
=787  08$iComplemented by (work):$tNeuroscience (Online)$x1873-7544
=856  \\$31850-9999$uhttp://www.sciencedirect.com/$xBLDSS
=856  40$uhttps://www.sciencedirect.com/journal/ibro-neuroscience-reports
=859  \\$aELD$bejournal
=852  41$aBritish Library$bHMNTS$jELD Digital store
=945  \\$aIBRO Neuroscience reports
=979  \\$aBritish Library$bDSC$j4360.161500N
=CAT  \\$a12654$b40$c20221221$lBLL01$h1132
=CAT  \\$aBLDSS-3PM$b00$c20221228$lBLL01$h1102
=CAT  \\$aBATCH-UPD$b00$c20221228$lBLL01$h1102
=CAT  \\$a8874$b40$c20230104$lBLL01$h1414
=CAT  \\$a8874$b40$c20230104$lBLL01$h1417
=CAT  \\$a5410$b40$c20230105$lBLL01$h0921
=CAT  \\$a8124$b40$c20230418$lBLL01$h1008
=CAT  \\$a8124$b40$c20230418$lBLL01$h1011
=CAT  \\$a8124$b40$c20230418$lBLL01$h1617
=CAT  \\$a8874$b40$c20230502$lBLL01$h0724
=CAT  \\$a14586$b40$c20230505$lBLL01$h1221
=CFI  0\$aCurrent copyright fee: zero$c5\1$e21-dec-2022$fGBP0.00$g0$hP$5Uk
=EST  \\$a1
=FFP  \\$aY$bBLDSS-3PM
=FIN  \\$aY$d20230418
=LKR  \\$aPAR$b018070400$lBLL01$nIBRO reports$mIBRO neuroscience reports$r78000
=LKR  \\$aPAR$b012434541$lBLL01$nNeuroscience (Online)$mIBRO neuroscience reports$r787
=SID  \\$aZ39$bOCLC
=TOC  \\$aETOC
=LAS  \\$a14586$b40$c20230505$lBLL01$h1221

