=LDR  02801cas a2200733 i 4500
=001  020970013
=003  Uk
=005  20230925130409.0
=006  m\\\\\\\\d\\\\\\\\
=007  cr\|||||||||||
=008  230224e20219999xxu\x\j\o\\\\\0\\\a0eng\\
=FMT  \\$a  SE
=015  \\$aGBC3H1743$2bnb
=022  \\$a2773-0395$l2773-0387
=037  \\$aISSN_27730387_74$bPortico$nLippincott Williams & Wilkins
=040  \\$aUk$beng$cUk$erda
=082  04$a616.61$223
=222  \0$aIntegrative medicine in nephrology and andrology$b(Online)
=245  00$aIntegrative Medicine in Nephrology and Andrology
=246  13$aIMNA
=264  \1$a[Mumbai] :$bWolters Kluwer - Medknow,$c2021-
=264  31$aPhiladelphia, PA :$bWolters Kluwer LWW
=310  \\$aIrregular
=336  \\$atext$2rdacontent
=337  \\$acomputer$2rdamedia
=338  \\$aonline resource$2rdacarrier
=362  0\$aVolume 8, issue 1 (December 2021)-
=500  \\$aTitle from journal home page (viewed September 11, 2023).
=540  \\$aCurrent copyright fee: zero$c111\0$5Uk
=550  \\$a"a publication of Xiyuan Hospital CACMS".
=588  \\$aLatest issue consulted: volume 10, issue 3 (September 2023) (lww.com, viewed September 11, 2023).
=650  \7$aIntegrative medicine.$2fast$0(OCoLC)fst00975672
=650  \7$aNephrology.$2fast$0(OCoLC)fst01035991
=650  \7$aAndrology.$2fast$0(OCoLC)fst00808593
=655  \7$aPeriodicals.$2fast$0(OCoLC)fst01411641
=710  2\$aZhongguo Zhong yi ke xue yuan.
=780  00$tJournal of integrative nephrology and andrology$x2394-3432
=859  \\$aELD$bejournal
=856  \\$31850-9999$uhttp://www.medknow.com/$xBLDSS
=856  40$uhttps://journals.lww.com/imna/Pages/default.aspx
=852  41$aBritish Library$bHMNTS$jELD Digital store$3Volume 10:Issue 1(2023)-
=945  \\$aIntegrative Medicine in Nephrology and Andrology
=979  \\$aBritish Library$bDSC$j9838.213134N
=CAT  \\$a12654$b40$c20230224$lBLL01$h0915
=CAT  \\$a12654$b40$c20230224$lBLL01$h1147
=CAT  \\$a8055$b40$c20230224$lBLL01$h1552
=CAT  \\$aBLDSS-3PM$b00$c20230228$lBLL01$h1032
=CAT  \\$aBATCH-UPD$b00$c20230228$lBLL01$h1037
=CAT  \\$a5410$b40$c20230309$lBLL01$h0859
=CAT  \\$a15190$b40$c20230904$lBLL01$h1458
=CAT  \\$a3072$b40$c20230911$lBLL01$h1116
=CAT  \\$a3072$b40$c20230911$lBLL01$h1439
=CAT  \\$a3072$b40$c20230911$lBLL01$h1440
=CAT  \\$a3072$b40$c20230911$lBLL01$h1442
=CAT  \\$a5410$b40$c20230925$lBLL01$h1303
=CAT  \\$a5410$b40$c20230925$lBLL01$h1304
=CFI  0\$aCurrent copyright fee: zero$c111\0$e24-feb-2023$fGBP0.00$g0$hP$5Uk
=EST  \\$a1
=FFP  \\$aY$bBLDSS-3PM
=FIN  \\$aY$d20230911
=MNI  \\$a2773-0387
=TOC  \\$aETOC
=UNO  \\$aY
=LAS  \\$a5410$b40$c20230925$lBLL01$h1304

