=LDR  05375cas a2201153 i 4500
=001  016867455
=003  Uk
=005  20221231145256.0
=006  m\\\\\o\\d\\\\\\\\
=007  cr\cnu||||||||
=008  041013c19879999nyuqr\p\o\\\\\0\\\a0eng\c
=FMT  \\$a  SE
=015  \\$aGBB5I2591$2bnb
=016  \\$a009858739
=022  0\$a1558-0970$l0891-1916$21
=035  \\$a(OCoLC)56721622$z(OCoLC)653016703$z(OCoLC)858835691
=037  \\$aISSN_08911916_21$bPortico$nTaylor & Francis
=040  \\$aF#A$beng$cF#A$dOCLCQ$dNSD$dMUQ$dOCLCQ$dEYM$dHUL$dEYM$dOCLCQ$dDLC$dOCLCF$dOCLCO$dUMC$dOCLCE$dUKMGB$dOCLCQ$dVT2$dUk$epn
=042  \\$aukblsr
=050  14$aJA1.A1
=082  10$a320$213
=222  \0$aInternational journal of political economy$b(Online)
=245  00$aInternational journal of political economy$h[electronic resource].
=246  1\$iIssues for spring 2004- have subtitle:$aIJPE
=260  \\$aArmonk, NY :$bM.E. Sharpe,$c©1987-
=264  21$aAbingdon :$bTaylor and Francis,$c[2015]
=264  31$a[Abingdon?] :$bRoutledge
=310  \\$aQuarterly
=336  \\$atext$btxt$2rdacontent
=337  \\$acomputer$bc$2rdamedia
=338  \\$aonline resource$bcr$2rdacarrier
=362  1\$aBegan with vol. 17, no. 1 (spring 1987).
=588  \\$aDescription based on: Vol. 17, no. 1 (spring 1987); title from issue cover (JSTOR, viewed May 25, 2011).
=588  \\$aLatest issue consulted: Volume 44, issue 3 (2015) (Taylor & Francis Online, viewed December 16, 2015).
=540  \\$aCurrent copyright fee: GBP37.00$c2\0$5Uk
=650  \0$aPolitical science$vPeriodicals.
=650  \6$aScience politique$vPériodiques.
=650  \7$aPolitical science.$2fast$0(OCoLC)fst01069781
=650  17$aInternationale betrekkingen.$2gtt
=650  17$aEconomie.$2gtt
=655  \7$aPeriodicals.$2fast$0(OCoLC)fst01411641
=655  \0$aElectronic journals.
=776  08$iPrint version:$tInternational journal of political economy$x0891-1916
=780  00$tInternational journal of politics$x2327-607X
=859  \\$aELD$bejournal
=856  \\$31850-9999$uhttp://www.tandfonline.com/$xBLDSS
=856  40$uhttp://www.tandfonline.com/toc/mijp20/current
=856  40$3HathiTrust Digital Library$uhttp://catalog.hathitrust.org/api/volumes/oclc/14639715.html
=856  40$uhttp://www.metapress.com/content/110909/?issn=0891-1916&genre=journal
=856  40$uhttp://jstor.org/action/showPublication?journalCode=intejpoliecon
=856  42$uhttp://www.mesharpe.com/mall/results1.asp?ACR=IJP
=856  4\$uhttp://firstsearch.oclc.org/journal=0891-1916;screen=info;ECOIP$zAddress for accessing the journal from an authorized IP address through OCLC FirstSearch Electronic Collections Online
=852  41$aBritish Library$bHMNTS$jELD Digital store$3Volume 45:Issue 1(2016)-
=945  \\$aInternational journal of political economy.
=979  \\$aBritish Library$bDSC$j4542.470900
=CAT  \\$a12654$b40$c20140916$lBLL01$h1142
=CAT  \\$a5552$b40$c20141118$lBLL01$h0900
=CAT  \\$a12654$b40$c20141121$lBLL01$h1205
=CAT  \\$aIPL-CLA$c20141231$lBLL01$h1705
=CAT  \\$aBLDSS-3PM$b00$c20150215$lBLL01$h1114
=CAT  \\$aBATCH-UPD$b00$c20151119$lBLL01$h1546
=CAT  \\$a8124$b40$c20151216$lBLL01$h0911
=CAT  \\$aIPL-CLA$c20151231$lBLL01$h1936
=CAT  \\$a14448$b40$c20160127$lBLL01$h0927
=CAT  \\$aBATCH-UPD$b40$c20160413$lBLL01$h1828
=CAT  \\$aBATCH-UPD$b40$c20160605$lBLL01$h0854
=CAT  \\$aBATCH-016$c20160608$lBLL01$h1431
=CAT  \\$aBATCH-UPD$b00$c20161122$lBLL01$h1515
=CAT  \\$aIPL-CLA$c20161231$lBLL01$h0019
=CAT  \\$a5552$b40$c20170504$lBLL01$h1155
=CAT  \\$aBATCH-UPD$b40$c20171121$lBLL01$h1650
=CAT  \\$aW1711-1005$c20171206$lBLL01$h1827
=CAT  \\$aIPL-CLA$c20171231$lBLL01$h1826
=CAT  \\$aBATCH-UPD$b00$c20181217$lBLL01$h1641
=CAT  \\$aIPL-CLA$c20181231$lBLL01$h1554
=CAT  \\$aBATCH-UPD$b00$c20191122$lBLL01$h1903
=CAT  \\$aIPL-CLA$c20191231$lBLL01$h2039
=CAT  \\$aBATCH-UPD$b00$c20201118$lBLL01$h1337
=CAT  \\$aIPL-CLA$c20201231$lBLL01$h1533
=CAT  \\$aBATCH-UPD$b00$c20221121$lBLL01$h1350
=CAT  \\$aIPL-CLA$c20221231$lBLL01$h1452
=CFI  0\$aCurrent copyright fee: GBP37.00$c2\0$e01-jan-2023$fGBP37.00$g0$hP$5Uk
=CFI  2\$aPrevious copyright fee: GBP35.00$c2\0$e01-jan-2021$fGBP35.00$g0$hP$5Uk
=EST  \\$a1
=FFP  \\$aY$bBLDSS-3PM
=FIN  \\$aY$d20151216
=LET  \0$aInternational journal of political economy (Electronic)
=LKR  \\$aPAR$b009858739$lBLL01$r776$mInternational journal of political economy (Online)$nInternational journal of political economy
=MNI  \\$a0891-1916
=SID  \\$aZ39$bOCLC
=TOC  \\$aETOC
=ACF  \\$aPrevious copyright fee: GBP47.00$c52\0$e16-sep-2014$fGBP47.00$g0$hP$5Uk
=ACF  \\$aPrevious copyright fee: GBP25.00$c2\0$e01-jan-2015$fGBP25.00$g0$hP$5Uk
=ACF  \\$aPrevious copyright fee: GBP26.00$c2\0$e01-jan-2016$fGBP26.00$g0$hP$5Uk
=ACF  \\$aPrevious copyright fee: GBP28.00$c2\0$e01-jan-2017$fGBP28.00$g0$hP$5Uk
=ACF  \\$aPrevious copyright fee: GBP30.00$c2\0$e01-jan-2018$fGBP30.00$g0$hP$5Uk
=ACF  \\$aPrevious copyright fee: GBP32.00$c2\0$e01-jan-2019$fGBP32.00$g0$hP$5Uk
=ACF  \\$aPrevious copyright fee: GBP34.00$c2\0$e01-jan-2020$fGBP34.00$g0$hP$5Uk
=LAS  \\$aIPL-CLA$b00$c20221231$lBLL01$h1452

